3644 5874
313 459 376 530 7l2
726 461 878 527 ORATIO
899 461 979 527 PRO
1001 462 1036 527 L.
1057 458 1222 526 Monam

229 654 233 662 ’
315 635 479 700 cesseris.»
513 635 612 696 Immo
634 631 770 696 resistito
792 615 1019 715 gratiae,<cum
1043 628 1183 693 officium
1198 636 1230 693 et
1250 625 1329 693 fides
1350 619 1548 738 postulabit.)
1561 628 1642 692 «rai-

315 727 487 793 sericordia
509 733 682 790 commotus
703 745 744 788 ne
766 724 839 787 sis.»
873 725 994 799 Etiam:
1016 725 1072 787 sed
1087 732 1192 787 tamen
1208 722 1241 786 in
1257 722 1458 787 dissolvenda
1471 721 1641 786 severitate

316 831 364 888 est
384 823 453 886 lans
474 821 581 904 aliqua
601 819 815 882 humanitatis.
852 820 914 881 eln
936 817 1093 881 sententia
1112 824 1325 901 permaneto.»
1359 819 1460 890 Vero,
1481 814 1543 877 nisi
1566 833 1641 877 sen-

315 916 446 979 tentiam
468 913 624 978 sententia
644 912 707 976 alia
723 913 835 976 vicerit
856 912 977 976 melior.
1021 909 1071 973 66.
1093 909 1231 974 Huiusce
1254 910 1339 973 modi
1361 909 1469 992 Scipio
1490 907 1546 970 ille
1567 907 1640 982 fuit,

292 1022 410 1093 :quem
438 1027 502 1071 non
531 1007 713 1090 paenitebat
732 1004 837 1068 facere
858 1005 960 1079 idem,
983 1004 1068 1088 quod
1096 1014 1147 1066 tu:
1172 1003 1290 1067 habere
1312 1001 1559 1067 eruditissimum
1579 1000 1641 1064 bo·

315 1103 449 1176 minem,
472 1101 654 1164 Panaetium
676 1099 779 1173 domi,
802 1101 892 1163 cuius
914 1099 1055 1163 oratione
1074 1105 1105 1161 et
1125 1097 1319 1180 praeceptis,
1341 1115 1532 1180 quamquam
1547 1101 1640 1158 erant

316 1196 425 1259 eadem
453 1195 528 1270 ista,
556 1213 637 1278 quae
665 1201 696 1256 te
718 1192 891 1268 delectant,
919 1189 1023 1255 mmai:
1046 1192 1186 1275 asperior
1207 1211 1271 1253 non
1293 1189 1478 1264 calfactus,
1508 1187 1581 1264 sed,
1602 1194 1640 1251 ut

315 1290 461 1372 accepia
484 1288 627 1362 senibus,
657 1286 847 1349 lenissimus.
884 1286 964 1362 Quis
986 1305 1061 1349 varo
1085 1285 1118 1349 C.
1141 1284 1248 1348 Laelio
1270 1284 1409 1348 comiori
1432 1284 1503 1367 quis
1525 1282 1639 1345 iucun-

317 1384 385 1446 dior
413 1381 525 1446 eodem
554 1401 595 1443 ex
616 1380 721 1444 studio
748 1378 831 1442 istoi
860 1381 931 1464 quis
956 1380 1013 1442 illo
1039 1381 1180 1462 gravior,
1210 1378 1404 1461 sapientiori
1443 1379 1576 1440 Possum
1596 1375 1638 1438 de

280 1478 352 1539 roL.
373 1475 479 1551 Philo,
502 1475 542 1538 de
565 1474 598 1538 (ἓ.
621 1473 712 1538 Gallo
735 1475 840 1537 dicere
861 1474 940 1538 haec
961 1473 1088 1547 eadem,
1118 1473 1175 1536 sed
1198 1481 1229 1536 te
1251 1472 1378 1535 domum
1400 1474 1462 1536 iam
1483 1470 1638 1534 deducam

316 1577 411 1633 tuam.
454 1569 695 1653 Quemquamne
716 1568 877 1630 existimas
900 1567 1027 1642 Catone,
1048 1587 1165 1654 proavo
1185 1574 1253 1642 tuo,
1275 1565 1530 1637 commodiorem,
1551 1583 1638 1626 com·

317 1666 503 1736 munionem,
515 1661 756 1725 moderatiorem
770 1659 868 1724 fuisse
882 1662 923 1725 ad
937 1681 1062 1725 omnem
1077 1661 1231 1724 rationem
1245 1660 1473 1725 humanitatis?
1487 1659 1534 1720 lie
1547 1657 1636 1719 cuius

317 1755 487 1842 praestanti
515 1757 628 1820 virtute
657 1775 729 1818 curn
758 1775 831 1818 vere
852 1755 1051 1838 graviterque
1073 1754 1209 1829 diceres,
1238 1753 1444 1818 domesticum
1466 1759 1497 1815 te
1518 1750 1635 1815 babere

318 1851 425 1914 dixisti
449 1850 628 1934 exemplum
649 1849 689 1912 ad
711 1849 906 1912 imitandum.
950 1850 1006 1912 Est
1030 1847 1109 1910 illud
1132 1847 1261 1932 quidem
1282 1848 1462 1930 exemplum
1483 1846 1538 1909 tibi
1563 1866 1636 1928 pro-

282 1945 453 2029 repositum
469 1943 566 2018 dorni,
581 1943 637 2006 sed
652 1951 758 2006 tamen
773 1951 903 2006 naturae
918 1941 1091 2005 similitudo
1106 1941 1246 2005 illiusad
1261 1948 1293 2006 te
1308 1943 1417 2025 magis,
1432 1943 1582 2025 quoniam
1597 1940 1636 2002 ab

318 2039 374 2100 illo
404 2045 491 2100 ortus
520 2057 571 2111 es,
603 2056 697 2119 quam
721 2037 760 2100 ad
783 2056 881 2099 unum
900 2055 1061 2120 quemque
1084 2044 1224 2100 nostrum
1254 2038 1420 2119 pervenire
1442 2036 1563 2118 potuit:
1595 2034 1636 2096 ad

318 2131 505 2195 imitandum
526 2151 601 2194 vero
623 2136 687 2193 tam
709 2130 786 2193 mihi
807 2129 1007 2212 propositum
1029 2129 1191 2213 exemplar
1210 2130 1290 2193 illud
1313 2139 1361 2193 est
1375 2148 1472 2212 quam
1484 2128 1551 2192 tibi.
1573 2127 1636 2190 Sed

319 2227 345 2288 si
374 2225 461 2288 illius
483 2225 661 2288 comitatem
688 2231 720 2287 et
739 2222 921 2287 facilitatem
952 2231 1023 2287 tuae
1044 2225 1187 2306 gravitati
1208 2223 1431 2307 severitatique
1452 2222 1636 2306 asperseris,

319 2339 383 2382 non
405 2319 464 2381 ista
487 2318 615 2403 quidem
637 2324 730 2380 erunt
750 2317 897 2393 meliora,
921 2337 1003 2403 qnae
1023 2338 1109 2380 nunc
1130 2325 1203 2380 sunt
1224 2319 1361 2400 optima,
1383 2318 1439 2380 sed
1461 2324 1544 2381 certe
1559 2337 1636 2380 con·

281 2413 385 2476 sodita
404 2412 582 2476 iucundius.

406 2506 538 2568 xxxll.
560 2503 611 2568 67.
634 2505 741 2582 Quare
768 2512 805 2566 ut
833 2504 873 2568 ad
902 2506 935 2568 id
965 2506 1051 2588 quod
1079 2505 1201 2568 institui
1230 2511 1385 2579 revertar,
1413 2505 1492 2569 tolle
1517 2505 1594 2569 mibi
1616 2529 1635 2569 e

318 2620 413 2663 causa
434 2620 551 2663 nomen
574 2599 727 2668 Catonis:
742 2618 868 2663 remove
891 2619 927 2661 ac
948 2600 1161 2682 praetermitte
1176 2599 1406 2675 auctoritatem,
1429 2621 1512 2682 qnae
1533 2601 1565 2663 in
1586 2601 1636 2663 iu·

317 2693 408 2757 diciis
429 2701 484 2756 aut
505 2693 586 2757 nihii
607 2693 712 2756 valere
734 2691 849 2756 autad
872 2693 1005 2756 :mutem
1028 2694 1123 2757 debet
1143 2693 1265 2757 valere:
1298 2693 1490 2777 congredere
1512 2713 1634 2756 meeum

317 2785 501 2850 criminibus
529 2787 617 2871 ipsis.
654 2787 740 2862 Quid
768 2805 914 2861 accusas,
945 2787 1044 2851 Catoi
1077 2787 1152 2872 quid
1180 2789 1272 2850 affers
1293 2789 1332 2850 ad
1355 2786 1527 2851 iudicinmi
1557 2787 1634 2871 quid

279 2880 444 2962 :targuisi
473 2881 634 2944 Ambitum
662 2900 806 2944 accusas:
834 2901 899 2943 non
928 2881 1076 2944 delendo.
1118 2883 1169 2944 lde
1195 2880 1416 2964 reprehendis,
1443 2880 1529 2964 quod
1550 2881 1634 2944 idem

284 2969 290 2984 '
316 2972 499 3049 defendam,
534 2973 620 3059 quod
655 2974 724 3056 lege
750 2974 918 3056 punierim.
965 2977 1077 3040 Punivi
1106 2975 1274 3051 ambitum,
1308 2995 1372 3038 non
1404 2974 1632 3048 innocentiam

315 3067 467 3131 ambitum
489 3088 564 3132 vero
586 3069 691 3151 ipsum
711 3068 763 3132 vel
784 3075 888 3132 tecum
909 3069 1080 3143 accusabo,
1103 3069 1130 3134 si
1151 3069 1249 3132 voles.
1282 3069 1398 3133 Dixisti
1419 3076 1545 3133 senatus
1560 3088 1633 3132 con-

315 3161 431 3225 sultum
452 3181 503 3225 me
524 3161 679 3226 referente
695 3181 764 3226 esse
778 3162 913 3236 factum,
937 3161 982 3224 <tsi
997 3162 1142 3226 mercede
1156 3162 1305 3226 conducti
1319 3163 1444 3227 obviam
1459 3162 1634 3227 candidatis

379 3437 402 3484 4.
421 3435 496 3484 immo
513 3445 566 3484 om.
585 3447 610 3484 v.
631 3460 657 3469 -
676 3433 757 3483 resisti
774 3447 829 3493 xv.
847 3458 875 3467 —
895 3432 919 3482 2.
937 3432 1035 3492 Etiam
1054 3433 1095 3483 :ed
1111 3437 1193 3482 tameo
1210 3434 1237 3482 io
1253 3433 1310 3482 dira.
1329 3433 1457 3482 :moilen
1473 3437 1508 3482 ert
1523 3433 1630 3496 scripsi:

313 3511 401 3568 eliem;
418 3509 444 3559 in
462 3509 519 3559 diss.
533 3509 675 3559 seueritate·
692 3509 734 3558 :ed
750 3513 832 3558 mmm
849 3513 883 3557 est
894 3507 914 3557 0
926 3521 987 3558 cum
997 3507 1085 3568 codd,
1098 3520 1211 3572 quorum
1227 3505 1368 3558 lectionem
1386 3507 1503 3559 defendit
1513 3507 1633 3559 Wolilius

313 3598 339 3649 p.
360 3585 423 3643 438;
448 3584 496 3634 Sed
520 3589 603 3634 tumeo
619 3589 653 3634 eal
669 3585 745 3634 etiam
761 3584 788 3633 in
805 3583 902 3633 dismlo.
919 3583 1047 3633 severitate
1064 3595 1094 3633 ex
1114 3582 1251 3632 Hotomani
1268 3583 1336 3632 coni.
1354 3583 1388 3640 L:
1410 3584 1509 3642 Etiem;
1530 3584 1557 3633 io
1573 3583 1631 3633 dica

312 3673 389 3710 amer.
407 3663 490 3708 tamea
506 3664 541 3708 ert
557 3659 702 3709 Schiitzius.
726 3658 825 3722 (cipro
843 3658 918 3707 etiem
935 3656 1004 3718 GE.)
1029 3681 1057 3692 -
1083 3656 1107 3705 3.
1125 3655 1294 3721 bmnerritotts]
1312 3658 1449 3707 recordati:
1463 3657 1582 3721 EGSap.
1601 3683 1631 3694 -

310 3739 465 3797 permenam.
480 3739 627 3796 pemmncto
643 3745 745 3792 cerev:
759 3735 890 3794 permutet
904 3744 963 3781 cero
980 3732 1015 3792 E:
1031 3736 1185 3793 permaneto.
1204 3732 1327 3783 minoem
1338 3735 1366 3783 L.
1381 3759 1409 3768 -
1426 3733 1634 3784 molentiurnsot-

312 3811 389 3860 tentio
406 3809 501 3870 EGld,
529 3808 607 3867 011„
631 3808 718 3868 Parc,
744 3804 798 3868 alii,
816 3807 852 3857 L:
879 3806 1000 3857 :remotio
1024 3818 1077 3857 om.
1096 3807 1129 3868 0,
1151 3805 1232 3857 babet
1248 3820 1265 3856 v
1280 3808 1342 3872 post
1356 3808 1458 3867 melior:
1483 3807 1532 3858 oiri
1547 3807 1634 3856 oberit

312 3886 400 3936 mereo
417 3896 490 3947 susp.
509 3883 621 3933 emese.
641 3907 668 3917 -
688 3880 713 3932 s.
731 3881 819 3943 aisque
834 3881 867 3940 s.
886 3882 901 3932 e
918 3867 993 3945 bu,
1011 3882 1069 3932 rar.
1088 3883 1113 3933 a.
1132 3883 1156 3933 o.
1176 3909 1204 3918 -
1221 3882 1387 3933 semema
1402 3882 1452 3932 aar:
1466 3881 1543 3944 sepe
1559 3883 1588 3932 o.
1602 3907 1628 3916 -

314 3961 338 4010 6.
356 3959 503 4010 Penestiam
519 3957 586 4006 domi
601 3956 663 4019 Lag.
676 3955 708 4005 9:
727 3961 750 4006 ct
762 3969 844 4018 poene
860 3955 971 4006 divinum
987 3957 1048 4019 Lag.
1061 3955 1106 4018 il,
1125 3961 1147 4006 et
1160 3969 1228 4018 poce
1240 3957 1352 4018 domiti,
1370 3958 1407 4006 st.
1419 3957 1499 4016 Vici,
1517 3960 1540 4006 et
1553 3967 1634 4018 poma

313 4035 379 4084 dorm
396 4035 421 4084 Μ
429 4040 499 4096 χψ,
519 4033 597 4095 Legg.
616 4029 686 4090 reli:
706 4037 729 4081 ct
742 4044 822 4093 poma
837 4031 949 4080 divinem
965 4031 1032 4080 demt
1048 4031 1107 4080 LO.
1121 4057 1149 4066 -
1168 4031 1192 4080 7.
1210 4031 1263 4080 isti:
1274 4032 1376 4082 Graevii
1387 4043 1461 4094 susp.
1475 4057 1502 4066 -
1520 4031 1633 4094 asperior

315 4121 368 4159 om.
388 4109 416 4158 G.
434 4135 461 4145 -
479 4108 503 4158 8.
522 4107 549 4158 C.
567 4107 632 4158 ldv:
651 4111 685 4156 est
701 4107 875 4170 Eocrrsp
893 4105 1069 4168 (abiitnotac.
1083 4107 1122 4156 in:
1139 4104 1174 4168 θ’).
1190 4132 1217 4142 -
1234 4108 1433 4169 cemmmicrp.
1448 4132 1476 4142 -
1493 4107 1517 4157 9.
1531 4109 1631 4158 caedo

315 4184 343 4232 C.
364 4209 390 4218 -
409 4181 515 4246 praetor
532 4181 587 4242 quei:
601 4181 738 4242 :opimtior
754 4181 806 4231 Tv.
832 4207 858 4216 -
886 4180 925 4230 40.
944 4179 1010 4229 Philo
1026 4179 1171 4231 Manutius:
1194 4181 1305 4243 philippo
1322 4181 1400 4232 codd.
1421 4207 1449 4218 -
1470 4182 1531 4232 baec
1547 4184 1632 4233 mdcvi

314 4257 394 4306 dicere
410 4257 438 4306 L.
459 4282 486 4291 -
512 4256 551 4306 44.
569 4255 706 4306 existumo:
722 4256 751 4306 C.
773 4281 800 4292 -
822 4255 1012 4305 commodiorem
1026 4256 1079 4305 mci
1096 4257 1124 4306 el
1139 4257 1217 4318 Lagg.
1236 4269 1341 4307 omnes:
1363 4259 1555 4309 ooommiorem
1570 4259 1629 4309 cod.

313 4331 404 4380 l'ranc.
426 4355 452 4365 -
471 4329 664 4380 communiorem
685 4330 763 4381 codd.
787 4329 904 4395 plerique
929 4331 1175 4392 (commemorarem
1195 4331 1242 4392 Ml:
1269 4331 1401 4382 emptorem
1423 4346 1455 4394 v,
1481 4335 1542 4397 Lag.
1562 4333 1585 4383 9.
1604 4337 1632 4386 et

314 4407 372 4456 Par.
385 4403 408 4454 i.
429 4402 486 4469 (sed
498 4403 542 4453 hic
552 4405 604 4456 hoc
616 4404 723 4457 ordine:
741 4406 873 4456 coruiorem
882 4404 1079 4468 commodiores)
1092 4407 1148 4456 1.0.
1164 4433 1191 4441 —
1204 4406 1243 4455 43.
1255 4405 1388 4470 cerellum
1398 4420 1427 4466 χ.
1442 4435 1470 4445 -
1480 4408 1520 4460 il.
1533 4410 1568 4459 ed
1577 4410 1633 4459 boi·

313 4482 465 4531 randem--
476 4479 616 4540 exemplem
633 4492 686 4531 om.
701 4482 729 4530 G.
750 4505 776 4515 -
797 4481 836 4529 45.
855 4480 921 4530 domi
937 4492 991 4529 om.
1005 4493 1033 4540 χ.
1049 4507 1075 4516 -
1093 4481 1135 4530 sed
1151 4481 1241 4543 mmm]
1258 4481 1296 4530 Ne
1314 4482 1452 4545 exspectes
1468 4483 1510 4534 aed
1525 4487 1630 4546 mmm,

314 4555 443 4607 sententia
462 4555 517 4604 est:
537 4553 601 4604 «sed
618 4555 720 4618 tamen,
740 4568 800 4606 cum
818 4557 927 4606 naturae
944 4553 1086 4604 similitudo
1103 4554 1137 4604 ed
1153 4557 1179 4604 te
1196 4555 1280 4618 magis
1297 4555 1435 4618 pervenire
1452 4557 1578 4620 poluerit,
1597 4559 1630 4608 ad

314 4629 469 4682 imitandum
482 4630 536 4678 tam
548 4627 613 4677 mibi
624 4631 789 4694 propositum
800 4628 936 4695 exemplar
946 4627 1008 4679 illud
1021 4631 1060 4680 est
1071 4643 1152 4694 quarn
1163 4629 1236 4680 tibi.»
1254 4629 1292 4680 Ci.
1305 4628 1392 4682 adnot.
1406 4629 1441 4679 ad
1451 4631 1518 4682 Sest.
1536 4630 1559 4696 ς.
1572 4633 1630 4684 too.

314 4705 356 4757 cd.
376 4705 591 4768 Lips-oetere
602 4703 631 4752 G.
643 4729 669 4738 -
683 4705 874 4766 quociemnoa:
892 4716 968 4767 qoem
985 4705 1047 4764 Gx:
1064 4705 1108 4766 qai
1123 4705 1306 4756 EMLOv.-
1318 4704 1358 4754 46.
1376 4717 1401 4754 cs
1413 4705 1478 4756 EM:
1495 4712 1531 4758 est
1547 4711 1629 4768 va.

315 4807 342 4816 -
355 4779 395 4831 48.
412 4778 577 4843 socilitotique
592 4779 658 4842 sip,
676 4779 836 4842 felicitatipec
851 4779 913 4830 Eli.
928 4805 955 4814 -
974 4778 1015 4829 2⁴.
1034 4779 1068 4828 od
1083 4781 1110 4829 id
1124 4785 1153 4830 et
1169 4781 1198 4831 Ε.
1213 4807 1241 4818 -
1259 4781 1280 4842 c]
1292 4779 1345 4830 etF.
1357 4779 1415 4844 (pro
1430 4782 1480 4846 ec).
1495 4809 1523 4819 -
1541 4785 1581 4835 ἥ.
1598 4799 1631 4835 oc

314 4857 339 4906 bl
356 4859 383 4907 et
399 4857 459 4918 Lag.
479 4854 509 4903 a:
526 4853 553 4903 io
571 4855 605 4914 G;
625 4867 655 4902 ac
672 4867 724 4904 orn.
744 4855 804 4914 Ev,
822 4855 885 4904 Orx.
900 4855 928 4903 et
944 4854 1022 4916 Lagg.
1034 4852 1091 4906 rell.
1106 4881 1133 4890 -
1151 4855 1192 4906 23.
1209 4855 1294 4905 calere
1308 4853 1369 4904 oibii
1378 4855 1407 4904 Ε.
1428 4881 1455 4890 -
1473 4856 1514 4908 al.
1532 4871 1632 4909 amoma

315 4933 343 4980 G.
365 4957 392 4966 —
411 4931 495 4992 adfers
510 4929 545 4990 E,
569 4929 670 4992 adsero:
687 4932 715 4980 G.
736 4957 762 4966 -
780 4931 815 4980 od
830 4930 954 4991 EGMv,
977 4929 1358 4993 noxx.,1.agg.:tcbo.-
1378 4930 1418 4979 25.
1436 4932 1497 4993 quid
1512 4935 1546 4991 G:
1570 4933 1629 4985 iort.

314 5005 365 5067 qai.
382 5031 408 5039 —
421 5005 462 5055 26.
480 5005 617 5067 poenierim
629 5004 731 5067 poenivi
742 5007 761 5054 G
771 5006 799 5054 L.
817 5031 841 5042 -
861 5019 912 5055 noo
927 5005 1093 5054 innocentiam
1108 5019 1159 5054 ooo
1175 5003 1243 5067 (uem
1258 5004 1291 5066 ld)
1308 5002 1428 5054 mittan
1441 5017 1501 5056 uero
1518 5008 1581 5059 Gli.
1600 5033 1629 5044 -

314 5081 355 5130 27.
373 5092 430 5130 ecre
441 5093 464 5128 v.
481 5107 507 5117 -
521 5080 630 5130 conrado
641 5093 667 5129 v.
682 5105 708 5114 -
727 5080 766 5130 28.
779 5081 966 5144 meprosereote
976 5091 1010 5139 x:
1028 5079 1061 5130 cl.
1074 5093 1129 5130 var.
1142 5078 1203 5132 lect.
1213 5079 1247 5130 ed
1260 5079 1284 5144 5.
1297 5079 1337 5130 70.
1348 5104 1376 5117 -
1393 5083 1504 5134 mercede
1518 5083 1632 5133 condolete*

316 5154 528 5221 euuflspu,
544 5157 627 5218 Parc,
645 5157 722 5220 Lagg.
739 5152 872 5223 plerique:
889 5168 964 5206 merc.
984 5156 1099 5218 correpti
1114 5155 1159 5220 bg.
1171 5155 1211 5211 40.
1230 5154 1270 5209 43.
1285 5153 1325 5208 Sl.
1338 5155 1378 5219 et,
1392 5157 1441 5207 Ov.

1803 471 1811 684 q

1808 749 1811 916 l
