<?xml version="1.0" encoding="UTF-8"?>
<!DOCTYPE html PUBLIC "-//W3C//DTD XHTML 1.0 Transitional//EN"
    "http://www.w3.org/TR/xhtml1/DTD/xhtml1-transitional.dtd">
<html xmlns="http://www.w3.org/1999/xhtml" xml:lang="en" lang="en">
 <head>
  <title>
</title>
<meta http-equiv="Content-Type" content="text/html;charset=utf-8" />
  <meta name='ocr-system' content='tesseract 3.04.00' />
  <meta name='ocr-capabilities' content='ocr_page ocr_carea ocr_par ocr_line ocrx_word'/>
</head>
<body>
  <div class='ocr_page' id='page_1' title='image "./mtulliiciceroni00baitgoog_0108.png"; bbox 0 0 3648 5888; ppageno 0'>
   <div class='ocr_carea' id='block_1_1' title="bbox 283 410 1296 492">
    <p class='ocr_par' dir='ltr' id='par_1_1' title="bbox 283 410 1296 492">
     <span class='ocr_line' id='line_1_1' title="bbox 283 410 1296 492; baseline 0.002 -14"><span class='ocrx_word' id='word_1_1' title='bbox 283 410 324 478; x_wconf 77' lang='lat'><strong>82</strong></span> <span class='ocrx_word' id='word_1_2' title='bbox 592 413 743 480; x_wconf 83' lang='lat' dir='ltr'><strong>ORATIO</strong></span> <span class='ocrx_word' id='word_1_3' title='bbox 765 413 845 482; x_wconf 76' lang='lat' dir='ltr'><strong>iso</strong></span> <span class='ocrx_word' id='word_1_4' title='bbox 867 415 906 492; x_wconf 87' lang='lat' dir='ltr'><strong>O.</strong></span> <span class='ocrx_word' id='word_1_5' title='bbox 927 413 1076 480; x_wconf 76' lang='lat' dir='ltr'><strong>Roscio</strong></span> <span class='ocrx_word' id='word_1_6' title='bbox 1099 412 1296 480; x_wconf 76' lang='lat' dir='ltr'><strong>COMOEDO</strong></span> 
     </span>
    </p>
   </div>
   <div class='ocr_carea' id='block_1_2' title="bbox 81 581 1604 3600">
    <p class='ocr_par' dir='ltr' id='par_1_2' title="bbox 280 581 1604 955">
     <span class='ocr_line' id='line_1_2' title="bbox 283 581 1604 665; baseline -0.003 -16"><span class='ocrx_word' id='word_1_7' title='bbox 283 583 465 659; x_wconf 78' lang='lat' dir='ltr'><strong>societatis,</strong></span> <span class='ocrx_word' id='word_1_8' title='bbox 499 602 565 646; x_wconf 92' lang='lat' dir='ltr'><strong>non</strong></span> <span class='ocrx_word' id='word_1_9' title='bbox 594 603 667 648; x_wconf 86' lang='lat' dir='ltr'><strong>suas</strong></span> <span class='ocrx_word' id='word_1_10' title='bbox 693 583 765 648; x_wconf 89' lang='lat' dir='ltr'><strong>lites</strong></span> <span class='ocrx_word' id='word_1_11' title='bbox 792 585 943 662; x_wconf 79' lang='lat' dir='ltr'><strong>redemit,</strong></span> <span class='ocrx_word' id='word_1_12' title='bbox 976 607 1047 650; x_wconf 93' lang='lat' dir='ltr'><strong>cum</strong></span> <span class='ocrx_word' id='word_1_13' title='bbox 1074 585 1208 649; x_wconf 80' lang='lat' dir='ltr'><strong>firndum</strong></span> <span class='ocrx_word' id='word_1_14' title='bbox 1236 581 1385 647; x_wconf 83' lang='lat' dir='ltr'><strong>aFlavio</strong></span> <span class='ocrx_word' id='word_1_15' title='bbox 1407 581 1539 665; x_wconf 90' lang='lat' dir='ltr'><strong>accepit.</strong></span> <span class='ocrx_word' id='word_1_16' title='bbox 1561 613 1604 630; x_wconf 92' lang='lat'>-</span> 
     </span>
     <span class='ocr_line' id='line_1_3' title="bbox 282 675 1603 755; baseline 0.002 -15"><span class='ocrx_word' id='word_1_17' title='bbox 282 677 369 755; x_wconf 87' lang='lat' dir='ltr'><strong>Quid</strong></span> <span class='ocrx_word' id='word_1_18' title='bbox 398 678 444 740; x_wconf 88' lang='lat' dir='ltr'><strong>ita</strong></span> <span class='ocrx_word' id='word_1_19' title='bbox 471 675 547 741; x_wconf 85' lang='lat' dir='ltr'><strong>satis</strong></span> <span class='ocrx_word' id='word_1_20' title='bbox 575 697 640 740; x_wconf 91' lang='lat' dir='ltr'><strong>non</strong></span> <span class='ocrx_word' id='word_1_21' title='bbox 669 677 770 755; x_wconf 91' lang='lat' dir='ltr'><strong>dedit,</strong></span> <span class='ocrx_word' id='word_1_22' title='bbox 804 700 938 744; x_wconf 78' lang='lat' dir='ltr'><strong>suenrus</strong></span> <span class='ocrx_word' id='word_1_23' title='bbox 965 699 1114 745; x_wconf 71' lang='lat' dir='ltr'><strong>marma</strong></span> <span class='ocrx_word' id='word_1_24' title='bbox 1138 680 1341 744; x_wconf 74' lang='lat' dir='ltr'><strong>rsrrrrrvui</strong></span> <span class='ocrx_word' id='word_1_25' title='bbox 1385 677 1449 754; x_wconf 86' lang='lat' dir='ltr'><strong>Qui</strong></span> <span class='ocrx_word' id='word_1_26' title='bbox 1477 677 1516 741; x_wconf 93' lang='lat' dir='ltr'><strong>de</strong></span> <span class='ocrx_word' id='word_1_27' title='bbox 1545 695 1603 742; x_wconf 91' lang='lat' dir='ltr'><strong>sua</strong></span> 
     </span>
     <span class='ocr_line' id='line_1_4' title="bbox 280 772 1602 861; baseline 0 -25"><span class='ocrx_word' id='word_1_28' title='bbox 280 779 370 856; x_wconf 91' lang='lat' dir='ltr'><strong>parte</strong></span> <span class='ocrx_word' id='word_1_29' title='bbox 404 772 542 848; x_wconf 80' lang='lat' dir='ltr'><strong>decidit,</strong></span> <span class='ocrx_word' id='word_1_30' title='bbox 575 773 709 858; x_wconf 88' lang='lat' dir='ltr'><strong>reliquis</strong></span> <span class='ocrx_word' id='word_1_31' title='bbox 741 775 895 858; x_wconf 91' lang='lat' dir='ltr'><strong>integram</strong></span> <span class='ocrx_word' id='word_1_32' title='bbox 927 775 1081 861; x_wconf 82' lang='lat' dir='ltr'><strong>relinquit</strong></span> <span class='ocrx_word' id='word_1_33' title='bbox 1113 777 1293 839; x_wconf 82' lang='lat' dir='ltr'><strong>actionem:</strong></span> <span class='ocrx_word' id='word_1_34' title='bbox 1326 775 1381 858; x_wconf 87' lang='lat' dir='ltr'><strong>qui</strong></span> <span class='ocrx_word' id='word_1_35' title='bbox 1414 793 1473 858; x_wconf 91' lang='lat' dir='ltr'><strong>pro</strong></span> <span class='ocrx_word' id='word_1_36' title='bbox 1506 774 1602 837; x_wconf 88' lang='lat' dir='ltr'><strong>sociis</strong></span> 
     </span>
     <span class='ocr_line' id='line_1_5' title="bbox 280 866 1601 955; baseline -0.001 -25"><span class='ocrx_word' id='word_1_37' title='bbox 280 866 441 950; x_wconf 76' lang='lat' dir='ltr'><strong>transigit,</strong></span> <span class='ocrx_word' id='word_1_38' title='bbox 463 869 538 931; x_wconf 91' lang='lat' dir='ltr'><strong>satis</strong></span> <span class='ocrx_word' id='word_1_39' title='bbox 562 867 631 944; x_wconf 87' lang='lat' dir='ltr'><strong>dat,</strong></span> <span class='ocrx_word' id='word_1_40' title='bbox 653 869 810 932; x_wconf 91' lang='lat' dir='ltr'><strong>neminem</strong></span> <span class='ocrx_word' id='word_1_41' title='bbox 834 889 944 934; x_wconf 82' lang='lat' dir='ltr'><strong>eorum</strong></span> <span class='ocrx_word' id='word_1_42' title='bbox 966 877 1076 955; x_wconf 90' lang='lat' dir='ltr'><strong>postea</strong></span> <span class='ocrx_word' id='word_1_43' title='bbox 1098 871 1281 954; x_wconf 88' lang='lat' dir='ltr'><strong>petiturum.</strong></span> <span class='ocrx_word' id='word_1_44' title='bbox 1319 869 1404 945; x_wconf 87' lang='lat' dir='ltr'><strong>Quid</strong></span> <span class='ocrx_word' id='word_1_45' title='bbox 1426 868 1471 931; x_wconf 88' lang='lat' dir='ltr'><strong>ita</strong></span> <span class='ocrx_word' id='word_1_46' title='bbox 1492 867 1601 931; x_wconf 73' lang='lat' dir='ltr'><strong>Flavio</strong></span> 
     </span>
    </p>

    <p class='ocr_par' dir='ltr' id='par_1_3' title="bbox 256 960 1602 1047">
     <span class='ocr_line' id='line_1_6' title="bbox 256 960 1602 1047; baseline -0.001 -23"><span class='ocrx_word' id='word_1_47' title='bbox 256 961 341 1025; x_wconf 72' lang='lat' dir='ltr'><strong>anibi</strong></span> <span class='ocrx_word' id='word_1_48' title='bbox 364 981 475 1025; x_wconf 85' lang='lat' dir='ltr'><strong>cavere</strong></span> <span class='ocrx_word' id='word_1_49' title='bbox 497 983 562 1026; x_wconf 93' lang='lat' dir='ltr'><strong>non</strong></span> <span class='ocrx_word' id='word_1_50' title='bbox 583 963 725 1042; x_wconf 85' lang='lat' dir='ltr'><strong>venitin</strong></span> <span class='ocrx_word' id='word_1_51' title='bbox 753 967 913 1027; x_wconf 85' lang='lat' dir='ltr'><strong>mentemi</strong></span> <span class='ocrx_word' id='word_1_52' title='bbox 948 965 1115 1030; x_wconf 78' lang='lat' dir='ltr'><strong>Nesciebat</strong></span> <span class='ocrx_word' id='word_1_53' title='bbox 1135 966 1283 1029; x_wconf 84' lang='lat' dir='ltr'><strong>videlicet</strong></span> <span class='ocrx_word' id='word_1_54' title='bbox 1303 965 1483 1047; x_wconf 74' lang='lat' dir='ltr'><strong>Panurgum</strong></span> <span class='ocrx_word' id='word_1_55' title='bbox 1503 960 1602 1025; x_wconf 82' lang='lat' dir='ltr'><strong>tuisse</strong></span> 
     </span>
    </p>

    <p class='ocr_par' dir='ltr' id='par_1_4' title="bbox 279 1054 1603 1234">
     <span class='ocr_line' id='line_1_7' title="bbox 279 1054 1603 1124; baseline 0.002 -8"><span class='ocrx_word' id='word_1_56' title='bbox 279 1054 313 1118; x_wconf 94' lang='lat' dir='ltr'><strong>in</strong></span> <span class='ocrx_word' id='word_1_57' title='bbox 341 1055 516 1120; x_wconf 70' lang='lat' dir='ltr'><strong>societate?</strong></span> <span class='ocrx_word' id='word_1_58' title='bbox 551 1057 685 1120; x_wconf 88' lang='lat' dir='ltr'><strong>Sciebat.</strong></span> <span class='ocrx_word' id='word_1_59' title='bbox 721 1058 890 1122; x_wconf 83' lang='lat' dir='ltr'><strong>Nesciebat</strong></span> <span class='ocrx_word' id='word_1_60' title='bbox 916 1060 1072 1123; x_wconf 82' lang='lat' dir='ltr'><strong>Fannium</strong></span> <span class='ocrx_word' id='word_1_61' title='bbox 1094 1061 1209 1124; x_wconf 84' lang='lat' dir='ltr'><strong>Roscio</strong></span> <span class='ocrx_word' id='word_1_62' title='bbox 1240 1077 1309 1122; x_wconf 89' lang='lat' dir='ltr'><strong>esse</strong></span> <span class='ocrx_word' id='word_1_63' title='bbox 1334 1059 1478 1122; x_wconf 85' lang='lat' dir='ltr'><strong>socinmi</strong></span> <span class='ocrx_word' id='word_1_64' title='bbox 1509 1059 1603 1120; x_wconf 89' lang='lat' dir='ltr'><strong>Prae-</strong></span> 
     </span>
     <span class='ocr_line' id='line_1_8' title="bbox 279 1149 1603 1234; baseline 0 -22"><span class='ocrx_word' id='word_1_65' title='bbox 279 1149 379 1213; x_wconf 87' lang='lat' dir='ltr'><strong>clare:</strong></span> <span class='ocrx_word' id='word_1_66' title='bbox 407 1170 481 1214; x_wconf 89' lang='lat' dir='ltr'><strong>nam</strong></span> <span class='ocrx_word' id='word_1_67' title='bbox 509 1151 569 1215; x_wconf 92' lang='lat' dir='ltr'><strong>iste</strong></span> <span class='ocrx_word' id='word_1_68' title='bbox 591 1171 662 1214; x_wconf 89' lang='lat' dir='ltr'><strong>cum</strong></span> <span class='ocrx_word' id='word_1_69' title='bbox 684 1171 722 1215; x_wconf 89' lang='lat' dir='ltr'><strong>eo</strong></span> <span class='ocrx_word' id='word_1_70' title='bbox 745 1151 833 1216; x_wconf 89' lang='lat' dir='ltr'><strong>litem</strong></span> <span class='ocrx_word' id='word_1_71' title='bbox 855 1161 1063 1218; x_wconf 85' lang='lat' dir='ltr'><strong>contestatam</strong></span> <span class='ocrx_word' id='word_1_72' title='bbox 1085 1155 1230 1218; x_wconf 82' lang='lat' dir='ltr'><strong>habebat.</strong></span> <span class='ocrx_word' id='word_1_73' title='bbox 1273 1150 1324 1216; x_wconf 88' lang='grc'><strong>36.</strong></span> <span class='ocrx_word' id='word_1_74' title='bbox 1347 1153 1411 1218; x_wconf 82' lang='lat' dir='ltr'><strong>Cur</strong></span> <span class='ocrx_word' id='word_1_75' title='bbox 1431 1151 1528 1234; x_wconf 91' lang='lat' dir='ltr'><strong>igitur</strong></span> <span class='ocrx_word' id='word_1_76' title='bbox 1548 1149 1603 1213; x_wconf 91' lang='lat' dir='ltr'><strong>de-</strong></span> 
     </span>
    </p>

    <p class='ocr_par' dir='ltr' id='par_1_5' title="bbox 241 1244 1603 1613">
     <span class='ocr_line' id='line_1_9' title="bbox 279 1244 1602 1332; baseline 0.001 -25"><span class='ocrx_word' id='word_1_77' title='bbox 279 1245 357 1308; x_wconf 89' lang='lat' dir='ltr'><strong>cidit</strong></span> <span class='ocrx_word' id='word_1_78' title='bbox 389 1252 421 1310; x_wconf 90' lang='lat' dir='ltr'><strong>et</strong></span> <span class='ocrx_word' id='word_1_79' title='bbox 448 1266 513 1310; x_wconf 91' lang='lat' dir='ltr'><strong>non</strong></span> <span class='ocrx_word' id='word_1_80' title='bbox 538 1247 759 1331; x_wconf 80' lang='lat' dir='ltr'><strong>restipulatur,</strong></span> <span class='ocrx_word' id='word_1_81' title='bbox 791 1250 951 1313; x_wconf 89' lang='lat' dir='ltr'><strong>neminem</strong></span> <span class='ocrx_word' id='word_1_82' title='bbox 973 1249 1109 1332; x_wconf 91' lang='lat' dir='ltr'><strong>amplius</strong></span> <span class='ocrx_word' id='word_1_83' title='bbox 1131 1248 1330 1330; x_wconf 74' lang='lat' dir='ltr'><strong>petiturum?</strong></span> <span class='ocrx_word' id='word_1_84' title='bbox 1363 1266 1420 1309; x_wconf 90' lang='lat' dir='ltr'><strong>cur</strong></span> <span class='ocrx_word' id='word_1_85' title='bbox 1441 1246 1480 1309; x_wconf 88' lang='lat' dir='ltr'><strong>de</strong></span> <span class='ocrx_word' id='word_1_86' title='bbox 1501 1244 1602 1308; x_wconf 69' lang='lat' dir='ltr'><strong>mado</strong></span> 
     </span>
     <span class='ocr_line' id='line_1_10' title="bbox 278 1338 1603 1424; baseline -0.002 -22"><span class='ocrx_word' id='word_1_87' title='bbox 278 1338 405 1404; x_wconf 86' lang='lat' dir='ltr'><strong>decedit</strong></span> <span class='ocrx_word' id='word_1_88' title='bbox 425 1348 458 1404; x_wconf 88' lang='lat' dir='ltr'><strong>et</strong></span> <span class='ocrx_word' id='word_1_89' title='bbox 478 1341 597 1405; x_wconf 92' lang='lat' dir='ltr'><strong>iudicio</strong></span> <span class='ocrx_word' id='word_1_90' title='bbox 612 1362 677 1406; x_wconf 92' lang='lat' dir='ltr'><strong>non</strong></span> <span class='ocrx_word' id='word_1_91' title='bbox 694 1342 890 1406; x_wconf 74' lang='lat' dir='ltr'><strong>absolvitur?</strong></span> <span class='ocrx_word' id='word_1_92' title='bbox 913 1362 970 1405; x_wconf 88' lang='lat' dir='ltr'><strong>eur</strong></span> <span class='ocrx_word' id='word_1_93' title='bbox 983 1349 1046 1405; x_wconf 90' lang='lat' dir='ltr'><strong>tam</strong></span> <span class='ocrx_word' id='word_1_94' title='bbox 1062 1342 1207 1424; x_wconf 89' lang='lat' dir='ltr'><strong>imperite</strong></span> <span class='ocrx_word' id='word_1_95' title='bbox 1221 1339 1307 1417; x_wconf 87' lang='lat' dir='ltr'><strong>iacit,</strong></span> <span class='ocrx_word' id='word_1_96' title='bbox 1327 1348 1364 1404; x_wconf 91' lang='lat' dir='ltr'><strong>ut</strong></span> <span class='ocrx_word' id='word_1_97' title='bbox 1378 1359 1437 1402; x_wconf 87' lang='lat' dir='ltr'><strong>nec</strong></span> <span class='ocrx_word' id='word_1_98' title='bbox 1451 1339 1603 1402; x_wconf 83' lang='lat' dir='ltr'><strong>Roscium</strong></span> 
     </span>
     <span class='ocr_line' id='line_1_11' title="bbox 241 1431 1602 1521; baseline -0.002 -24"><span class='ocrx_word' id='word_1_99' title='bbox 241 1435 485 1519; x_wconf 79' lang='lat' dir='ltr'><strong>listipulatione</strong></span> <span class='ocrx_word' id='word_1_100' title='bbox 512 1437 620 1521; x_wconf 87' lang='lat' dir='ltr'><strong>alliget</strong></span> <span class='ocrx_word' id='word_1_101' title='bbox 648 1456 753 1521; x_wconf 89' lang='lat' dir='ltr'><strong>neque</strong></span> <span class='ocrx_word' id='word_1_102' title='bbox 782 1457 799 1499; x_wconf 92' lang='lat' dir='ltr'><strong>a</strong></span> <span class='ocrx_word' id='word_1_103' title='bbox 829 1437 950 1500; x_wconf 86' lang='lat' dir='ltr'><strong>Fannio</strong></span> <span class='ocrx_word' id='word_1_104' title='bbox 979 1437 1098 1500; x_wconf 92' lang='lat' dir='ltr'><strong>iudicio</strong></span> <span class='ocrx_word' id='word_1_105' title='bbox 1122 1456 1155 1501; x_wconf 91' lang='lat' dir='ltr'><strong>se</strong></span> <span class='ocrx_word' id='word_1_106' title='bbox 1178 1436 1347 1499; x_wconf 77' lang='lat' dir='ltr'><strong>absolvat:</strong></span> <span class='ocrx_word' id='word_1_107' title='bbox 1389 1431 1441 1496; x_wconf 83' lang='lat'><strong>37.</strong></span> <span class='ocrx_word' id='word_1_108' title='bbox 1463 1432 1602 1496; x_wconf 80' lang='lat' dir='ltr'><strong>[isthoc</strong></span> 
     </span>
     <span class='ocr_line' id='line_1_12' title="bbox 278 1527 1601 1613; baseline -0.004 -21"><span class='ocrx_word' id='word_1_109' title='bbox 278 1529 415 1613; x_wconf 91' lang='lat' dir='ltr'><strong>primum</strong></span> <span class='ocrx_word' id='word_1_110' title='bbox 437 1539 469 1594; x_wconf 88' lang='lat' dir='ltr'><strong>et</strong></span> <span class='ocrx_word' id='word_1_111' title='bbox 489 1551 531 1594; x_wconf 84' lang='lat' dir='ltr'><strong>ex</strong></span> <span class='ocrx_word' id='word_1_112' title='bbox 551 1531 741 1594; x_wconf 83' lang='lat' dir='ltr'><strong>condicione</strong></span> <span class='ocrx_word' id='word_1_113' title='bbox 763 1530 841 1593; x_wconf 90' lang='lat' dir='ltr'><strong>iuris</strong></span> <span class='ocrx_word' id='word_1_114' title='bbox 864 1539 896 1594; x_wconf 89' lang='lat' dir='ltr'><strong>et</strong></span> <span class='ocrx_word' id='word_1_115' title='bbox 917 1551 958 1594; x_wconf 83' lang='lat' dir='ltr'><strong>ex</strong></span> <span class='ocrx_word' id='word_1_116' title='bbox 971 1531 1203 1595; x_wconf 88' lang='lat' dir='ltr'><strong>consuetudine</strong></span> <span class='ocrx_word' id='word_1_117' title='bbox 1218 1529 1374 1593; x_wconf 87' lang='lat' dir='ltr'><strong>cautionis</strong></span> <span class='ocrx_word' id='word_1_118' title='bbox 1389 1527 1601 1591; x_wconf 83' lang='lat' dir='ltr'><strong>firmissimum</strong></span> 
     </span>
    </p>

    <p class='ocr_par' dir='ltr' id='par_1_6' title="bbox 278 1617 1602 1710">
     <span class='ocr_line' id='line_1_13' title="bbox 278 1617 1602 1710; baseline -0.007 -22"><span class='ocrx_word' id='word_1_119' title='bbox 278 1631 311 1688; x_wconf 90' lang='lat' dir='ltr'><strong>et</strong></span> <span class='ocrx_word' id='word_1_120' title='bbox 331 1627 553 1707; x_wconf 84' lang='lat' dir='ltr'><strong>gravissimum</strong></span> <span class='ocrx_word' id='word_1_121' title='bbox 575 1631 813 1708; x_wconf 73' lang='lat' dir='ltr'><strong>argumentum,</strong></span> <span class='ocrx_word' id='word_1_122' title='bbox 841 1625 929 1708; x_wconf 88' lang='lat' dir='ltr'><strong>quod</strong></span> <span class='ocrx_word' id='word_1_123' title='bbox 950 1645 1009 1708; x_wconf 89' lang='lat' dir='ltr'><strong>ego</strong></span> <span class='ocrx_word' id='word_1_124' title='bbox 1032 1624 1177 1710; x_wconf 90' lang='lat' dir='ltr'><strong>pluribus</strong></span> <span class='ocrx_word' id='word_1_125' title='bbox 1198 1625 1303 1688; x_wconf 87' lang='lat' dir='ltr'><strong>verbis</strong></span> <span class='ocrx_word' id='word_1_126' title='bbox 1324 1623 1544 1706; x_wconf 82' lang='lat' dir='ltr'><strong>implecterer,</strong></span> <span class='ocrx_word' id='word_1_127' title='bbox 1574 1617 1602 1680; x_wconf 90' lang='lat' dir='ltr'><strong>si</strong></span> 
     </span>
    </p>

    <p class='ocr_par' dir='ltr' id='par_1_7' title="bbox 276 1713 1601 1784">
     <span class='ocr_line' id='line_1_14' title="bbox 276 1713 1601 1784; baseline -0.005 -4"><span class='ocrx_word' id='word_1_128' title='bbox 276 1737 341 1782; x_wconf 92' lang='lat' dir='ltr'><strong>non</strong></span> <span class='ocrx_word' id='word_1_129' title='bbox 364 1718 427 1782; x_wconf 90' lang='lat' dir='ltr'><strong>alia</strong></span> <span class='ocrx_word' id='word_1_130' title='bbox 448 1720 585 1784; x_wconf 88' lang='lat' dir='ltr'><strong>certiora</strong></span> <span class='ocrx_word' id='word_1_131' title='bbox 605 1713 639 1783; x_wconf 86' lang='lat' dir='ltr'><strong>et</strong></span> <span class='ocrx_word' id='word_1_132' title='bbox 658 1720 792 1784; x_wconf 89' lang='lat' dir='ltr'><strong>clariora</strong></span> <span class='ocrx_word' id='word_1_133' title='bbox 814 1721 997 1783; x_wconf 90' lang='lat' dir='ltr'><strong>testimonia</strong></span> <span class='ocrx_word' id='word_1_134' title='bbox 1018 1721 1052 1782; x_wconf 95' lang='lat' dir='ltr'><strong>in</strong></span> <span class='ocrx_word' id='word_1_135' title='bbox 1074 1738 1169 1782; x_wconf 90' lang='lat' dir='ltr'><strong>causa</strong></span> <span class='ocrx_word' id='word_1_136' title='bbox 1190 1718 1349 1782; x_wconf 87' lang='lat' dir='ltr'><strong>haberem.</strong></span> <span class='ocrx_word' id='word_1_137' title='bbox 1393 1717 1479 1778; x_wconf 83' lang='lat' dir='ltr'><strong>lilii.</strong></span> <span class='ocrx_word' id='word_1_138' title='bbox 1500 1715 1540 1776; x_wconf 79' lang='lat' dir='ltr'><strong>lit</strong></span> <span class='ocrx_word' id='word_1_139' title='bbox 1559 1731 1601 1775; x_wconf 91' lang='lat' dir='ltr'><strong>ne</strong></span> 
     </span>
    </p>

    <p class='ocr_par' dir='ltr' id='par_1_8' title="bbox 275 1807 1600 1904">
     <span class='ocr_line' id='line_1_15' title="bbox 275 1807 1600 1904; baseline -0.004 -29"><span class='ocrx_word' id='word_1_140' title='bbox 275 1811 357 1876; x_wconf 87' lang='lat' dir='ltr'><strong>iorte</strong></span> <span class='ocrx_word' id='word_1_141' title='bbox 379 1832 430 1876; x_wconf 93' lang='lat' dir='ltr'><strong>me</strong></span> <span class='ocrx_word' id='word_1_142' title='bbox 450 1814 512 1878; x_wconf 91' lang='lat' dir='ltr'><strong>hoc</strong></span> <span class='ocrx_word' id='word_1_143' title='bbox 534 1813 652 1878; x_wconf 76' lang='lat' dir='ltr'><strong>fnestra</strong></span> <span class='ocrx_word' id='word_1_144' title='bbox 673 1814 851 1896; x_wconf 88' lang='lat' dir='ltr'><strong>pollicitum</strong></span> <span class='ocrx_word' id='word_1_145' title='bbox 875 1835 945 1878; x_wconf 92' lang='lat' dir='ltr'><strong>esse</strong></span> <span class='ocrx_word' id='word_1_146' title='bbox 967 1814 1148 1904; x_wconf 79' lang='lat' dir='ltr'><strong>praedices,</strong></span> <span class='ocrx_word' id='word_1_147' title='bbox 1174 1821 1221 1889; x_wconf 91' lang='lat' dir='ltr'><strong>te,</strong></span> <span class='ocrx_word' id='word_1_148' title='bbox 1244 1821 1292 1888; x_wconf 90' lang='lat' dir='ltr'><strong>te,</strong></span> <span class='ocrx_word' id='word_1_149' title='bbox 1314 1813 1461 1897; x_wconf 86' lang='lat' dir='ltr'><strong>inquam,</strong></span> <span class='ocrx_word' id='word_1_150' title='bbox 1483 1807 1600 1882; x_wconf 86' lang='lat' dir='ltr'><strong>Fanni,</strong></span> 
     </span>
    </p>

    <p class='ocr_par' dir='ltr' id='par_1_9' title="bbox 81 1901 1600 2089">
     <span class='ocr_line' id='line_1_16' title="bbox 81 1901 1599 1990; baseline -0.005 -18"><span class='ocrx_word' id='word_1_151' title='bbox 81 1901 151 1982; x_wconf 58' lang='lat' dir='ltr'><strong>‚cita</strong></span> <span class='ocrx_word' id='word_1_152' title='bbox 239 1907 317 1969; x_wconf 75' lang='lat' dir='ltr'><strong>ital:</strong></span> <span class='ocrx_word' id='word_1_153' title='bbox 338 1908 403 1971; x_wconf 91' lang='lat' dir='ltr'><strong>tuis</strong></span> <span class='ocrx_word' id='word_1_154' title='bbox 425 1908 585 1973; x_wconf 86' lang='lat' dir='ltr'><strong>subselliis</strong></span> <span class='ocrx_word' id='word_1_155' title='bbox 608 1916 718 1972; x_wconf 82' lang='lat' dir='ltr'><strong>contm</strong></span> <span class='ocrx_word' id='word_1_156' title='bbox 740 1914 771 1971; x_wconf 87' lang='lat' dir='ltr'><strong>te</strong></span> <span class='ocrx_word' id='word_1_157' title='bbox 793 1915 905 1971; x_wconf 91' lang='lat' dir='ltr'><strong>testem</strong></span> <span class='ocrx_word' id='word_1_158' title='bbox 927 1907 1097 1972; x_wconf 88' lang='lat' dir='ltr'><strong>suscitabo.</strong></span> <span class='ocrx_word' id='word_1_159' title='bbox 1129 1906 1326 1987; x_wconf 46' lang='lat' dir='ltr'><strong>,criminatio</strong></span> <span class='ocrx_word' id='word_1_160' title='bbox 1348 1914 1405 1969; x_wconf 91' lang='lat' dir='ltr'><strong>tua</strong></span> <span class='ocrx_word' id='word_1_161' title='bbox 1426 1925 1508 1990; x_wconf 68' lang='lat' dir='ltr'><strong>quae</strong></span> <span class='ocrx_word' id='word_1_162' title='bbox 1530 1903 1599 1966; x_wconf 77' lang='lat' dir='ltr'><strong>esti</strong></span> 
     </span>
     <span class='ocr_line' id='line_1_17' title="bbox 276 1998 1600 2089; baseline -0.004 -25"><span class='ocrx_word' id='word_1_163' title='bbox 276 2001 425 2066; x_wconf 88' lang='lat' dir='ltr'><strong>lioscium</strong></span> <span class='ocrx_word' id='word_1_164' title='bbox 458 2023 530 2067; x_wconf 92' lang='lat' dir='ltr'><strong>cum</strong></span> <span class='ocrx_word' id='word_1_165' title='bbox 561 2003 671 2068; x_wconf 83' lang='lat' dir='ltr'><strong>Flavio</strong></span> <span class='ocrx_word' id='word_1_166' title='bbox 699 2022 758 2086; x_wconf 90' lang='lat' dir='ltr'><strong>pro</strong></span> <span class='ocrx_word' id='word_1_167' title='bbox 788 2002 940 2067; x_wconf 88' lang='lat' dir='ltr'><strong>societate</strong></span> <span class='ocrx_word' id='word_1_168' title='bbox 966 2001 1147 2089; x_wconf 82' lang='lat' dir='ltr'><strong>decidisse.)</strong></span> <span class='ocrx_word' id='word_1_169' title='bbox 1176 2002 1249 2077; x_wconf 86' lang='lat' dir='ltr'><strong>Quo</strong></span> <span class='ocrx_word' id='word_1_170' title='bbox 1277 2004 1446 2084; x_wconf 78' lang='lat' dir='ltr'><strong>tempore?</strong></span> <span class='ocrx_word' id='word_1_171' title='bbox 1477 1998 1600 2062; x_wconf 82' lang='lat' dir='ltr'><strong>Abhinc</strong></span> 
     </span>
    </p>

    <p class='ocr_par' dir='ltr' id='par_1_10' title="bbox 91 2071 1602 3033">
     <span class='ocr_line' id='line_1_18' title="bbox 109 2071 1600 2182; baseline -0.006 -19.107"><span class='ocrx_word' id='word_1_172' title='bbox 109 2071 162 2171; x_wconf 54' lang='grc' dir='ltr'><strong>μ’.</strong></span> <span class='ocrx_word' id='word_1_173' title='bbox 275 2096 368 2162; x_wconf 82' lang='lat' dir='ltr'><strong>annis</strong></span> <span class='ocrx_word' id='word_1_174' title='bbox 389 2116 442 2162; x_wconf 77' lang='lat' dir='ltr'><strong>xv.</strong></span> <span class='ocrx_word' id='word_1_175' title='bbox 466 2096 637 2182; x_wconf 73' lang='lat' dir='ltr'><strong>(Defensio</strong></span> <span class='ocrx_word' id='word_1_176' title='bbox 660 2115 730 2159; x_wconf 93' lang='lat' dir='ltr'><strong>mea</strong></span> <span class='ocrx_word' id='word_1_177' title='bbox 752 2115 835 2180; x_wconf 85' lang='lat' dir='ltr'><strong>quae</strong></span> <span class='ocrx_word' id='word_1_178' title='bbox 858 2101 927 2160; x_wconf 85' lang='lat' dir='ltr'><strong>esti</strong></span> <span class='ocrx_word' id='word_1_179' title='bbox 970 2097 1120 2160; x_wconf 85' lang='lat' dir='ltr'><strong>Roscium</strong></span> <span class='ocrx_word' id='word_1_180' title='bbox 1141 2115 1199 2180; x_wconf 92' lang='lat' dir='ltr'><strong>pro</strong></span> <span class='ocrx_word' id='word_1_181' title='bbox 1222 2115 1279 2158; x_wconf 91' lang='lat' dir='ltr'><strong>sua</strong></span> <span class='ocrx_word' id='word_1_182' title='bbox 1300 2103 1390 2178; x_wconf 87' lang='lat' dir='ltr'><strong>parte</strong></span> <span class='ocrx_word' id='word_1_183' title='bbox 1405 2115 1475 2157; x_wconf 90' lang='lat' dir='ltr'><strong>cum</strong></span> <span class='ocrx_word' id='word_1_184' title='bbox 1490 2093 1600 2156; x_wconf 85' lang='lat' dir='ltr'><strong>Flavio</strong></span> 
     </span>
     <span class='ocr_line' id='line_1_19' title="bbox 275 2188 1601 2275; baseline -0.005 -19"><span class='ocrx_word' id='word_1_185' title='bbox 275 2191 493 2275; x_wconf 88' lang='lat' dir='ltr'><strong>transegisse.)</strong></span> <span class='ocrx_word' id='word_1_186' title='bbox 513 2191 718 2275; x_wconf 81' lang='lat' dir='ltr'><strong>Repromittis</strong></span> <span class='ocrx_word' id='word_1_187' title='bbox 740 2197 774 2254; x_wconf 89' lang='lat' dir='ltr'><strong>tu</strong></span> <span class='ocrx_word' id='word_1_188' title='bbox 795 2190 911 2255; x_wconf 88' lang='lat' dir='ltr'><strong>abhinc</strong></span> <span class='ocrx_word' id='word_1_189' title='bbox 926 2191 1098 2256; x_wconf 90' lang='lat' dir='ltr'><strong>triennium</strong></span> <span class='ocrx_word' id='word_1_190' title='bbox 1113 2190 1237 2254; x_wconf 84' lang='lat' dir='ltr'><strong>Roscio.</strong></span> <span class='ocrx_word' id='word_1_191' title='bbox 1271 2189 1377 2266; x_wconf 80' lang='lat' dir='ltr'><strong>Ouidi</strong></span> <span class='ocrx_word' id='word_1_192' title='bbox 1398 2191 1495 2254; x_wconf 90' lang='lat' dir='ltr'><strong>recita</strong></span> <span class='ocrx_word' id='word_1_193' title='bbox 1508 2188 1601 2250; x_wconf 88' lang='lat' dir='ltr'><strong>istam</strong></span> 
     </span>
     <span class='ocr_line' id='line_1_20' title="bbox 274 2283 1602 2373; baseline -0.006 -23"><span class='ocrx_word' id='word_1_194' title='bbox 274 2287 549 2369; x_wconf 84' lang='lat' dir='ltr'><strong>restipulationem</strong></span> <span class='ocrx_word' id='word_1_195' title='bbox 581 2286 707 2350; x_wconf 88' lang='lat' dir='ltr'><strong>clarius.</strong></span> <span class='ocrx_word' id='word_1_196' title='bbox 749 2287 900 2364; x_wconf 88' lang='lat' dir='ltr'><strong>Attende,</strong></span> <span class='ocrx_word' id='word_1_197' title='bbox 930 2305 1067 2373; x_wconf 83' lang='lat' dir='ltr'><strong>quaeso,</strong></span> <span class='ocrx_word' id='word_1_198' title='bbox 1096 2285 1180 2349; x_wconf 86' lang='lat' dir='ltr'><strong>Piso.</strong></span> <span class='ocrx_word' id='word_1_199' title='bbox 1223 2285 1377 2348; x_wconf 88' lang='lat' dir='ltr'><strong>Fannium</strong></span> <span class='ocrx_word' id='word_1_200' title='bbox 1407 2283 1541 2348; x_wconf 81' lang='lat' dir='ltr'><strong>inritum</strong></span> <span class='ocrx_word' id='word_1_201' title='bbox 1570 2286 1602 2342; x_wconf 89' lang='lat' dir='ltr'><strong>et</strong></span> 
     </span>
     <span class='ocr_line' id='line_1_21' title="bbox 238 2373 1601 2466; baseline -0.001 -27"><span class='ocrx_word' id='word_1_202' title='bbox 238 2381 338 2444; x_wconf 85' lang='lat' dir='ltr'><strong>aohuc</strong></span> <span class='ocrx_word' id='word_1_203' title='bbox 359 2389 455 2466; x_wconf 87' lang='lat' dir='ltr'><strong>atque</strong></span> <span class='ocrx_word' id='word_1_204' title='bbox 477 2381 555 2444; x_wconf 92' lang='lat' dir='ltr'><strong>illuc</strong></span> <span class='ocrx_word' id='word_1_205' title='bbox 576 2381 836 2464; x_wconf 85' lang='lat' dir='ltr'><strong>tergiversantem</strong></span> <span class='ocrx_word' id='word_1_206' title='bbox 858 2381 1075 2446; x_wconf 89' lang='lat' dir='ltr'><strong>testimoninm</strong></span> <span class='ocrx_word' id='word_1_207' title='bbox 1096 2385 1208 2442; x_wconf 88' lang='lat' dir='ltr'><strong>contra</strong></span> <span class='ocrx_word' id='word_1_208' title='bbox 1221 2399 1256 2443; x_wconf 90' lang='lat' dir='ltr'><strong>se</strong></span> <span class='ocrx_word' id='word_1_209' title='bbox 1271 2379 1377 2443; x_wconf 89' lang='lat' dir='ltr'><strong>dicere</strong></span> <span class='ocrx_word' id='word_1_210' title='bbox 1392 2399 1481 2463; x_wconf 90' lang='lat' dir='ltr'><strong>cogo.</strong></span> <span class='ocrx_word' id='word_1_211' title='bbox 1515 2373 1601 2453; x_wconf 87' lang='lat' dir='ltr'><strong>Quid</strong></span> 
     </span>
     <span class='ocr_line' id='line_1_22' title="bbox 276 2476 1601 2561; baseline -0.005 -21"><span class='ocrx_word' id='word_1_212' title='bbox 276 2478 362 2540; x_wconf 91' lang='lat' dir='ltr'><strong>enim</strong></span> <span class='ocrx_word' id='word_1_213' title='bbox 384 2476 584 2561; x_wconf 83' lang='lat' dir='ltr'><strong>restipulatio</strong></span> <span class='ocrx_word' id='word_1_214' title='bbox 607 2476 744 2541; x_wconf 81' lang='lat' dir='ltr'><strong>clamati</strong></span> <span class='ocrx_word' id='word_1_215' title='bbox 781 2476 872 2553; x_wconf 85' lang='lat' dir='ltr'><strong>Qvon</strong></span> <span class='ocrx_word' id='word_1_216' title='bbox 896 2499 917 2541; x_wconf 81' lang='lat' dir='ltr'><strong>s</strong></span> <span class='ocrx_word' id='word_1_217' title='bbox 939 2478 1058 2540; x_wconf 78' lang='lat' dir='ltr'><strong>anvro</strong></span> <span class='ocrx_word' id='word_1_218' title='bbox 1080 2495 1278 2550; x_wconf 78' lang='lat' dir='ltr'><strong>snsmsao,</strong></span> <span class='ocrx_word' id='word_1_219' title='bbox 1303 2494 1429 2539; x_wconf 73' lang='lat' dir='ltr'><strong>rursu</strong></span> <span class='ocrx_word' id='word_1_220' title='bbox 1452 2489 1601 2537; x_wconf 73' lang='lat' dir='ltr'><strong>ursinum</strong></span> 
     </span>
     <span class='ocr_line' id='line_1_23' title="bbox 275 2567 1601 2646; baseline -0.004 -11"><span class='ocrx_word' id='word_1_221' title='bbox 275 2591 349 2636; x_wconf 80' lang='lat' dir='ltr'><strong>runs</strong></span> <span class='ocrx_word' id='word_1_222' title='bbox 371 2572 491 2637; x_wconf 87' lang='lat' dir='ltr'><strong>iioscro</strong></span> <span class='ocrx_word' id='word_1_223' title='bbox 513 2590 558 2638; x_wconf 77' lang='lat' dir='ltr'><strong>aa</strong></span> <span class='ocrx_word' id='word_1_224' title='bbox 581 2592 765 2636; x_wconf 81' lang='lat' dir='ltr'><strong>sonvrvavrs</strong></span> <span class='ocrx_word' id='word_1_225' title='bbox 787 2591 937 2637; x_wconf 83' lang='lat' dir='ltr'><strong>sronneo.</strong></span> <span class='ocrx_word' id='word_1_226' title='bbox 972 2573 1039 2634; x_wconf 89' lang='lat' dir='ltr'><strong>Tua</strong></span> <span class='ocrx_word' id='word_1_227' title='bbox 1060 2589 1124 2634; x_wconf 84' lang='lat' dir='ltr'><strong>vox</strong></span> <span class='ocrx_word' id='word_1_228' title='bbox 1147 2577 1210 2644; x_wconf 90' lang='lat' dir='ltr'><strong>est,</strong></span> <span class='ocrx_word' id='word_1_229' title='bbox 1232 2570 1342 2633; x_wconf 88' lang='lat' dir='ltr'><strong>Fanni.</strong></span> <span class='ocrx_word' id='word_1_230' title='bbox 1385 2567 1436 2632; x_wconf 87' lang='lat'><strong>38.</strong></span> <span class='ocrx_word' id='word_1_231' title='bbox 1459 2568 1544 2646; x_wconf 91' lang='lat' dir='ltr'><strong>Quid</strong></span> <span class='ocrx_word' id='word_1_232' title='bbox 1567 2573 1601 2629; x_wconf 92' lang='lat' dir='ltr'><strong>tn</strong></span> 
     </span>
     <span class='ocr_line' id='line_1_24' title="bbox 274 2657 1601 2750; baseline -0.005 -21"><span class='ocrx_word' id='word_1_233' title='bbox 274 2665 398 2729; x_wconf 83' lang='lat' dir='ltr'><strong>auterre</strong></span> <span class='ocrx_word' id='word_1_234' title='bbox 426 2674 519 2750; x_wconf 90' lang='lat' dir='ltr'><strong>potes</strong></span> <span class='ocrx_word' id='word_1_235' title='bbox 547 2687 566 2730; x_wconf 92' lang='lat' dir='ltr'><strong>a</strong></span> <span class='ocrx_word' id='word_1_236' title='bbox 594 2666 722 2741; x_wconf 79' lang='lat' dir='ltr'><strong>Flavio,</strong></span> <span class='ocrx_word' id='word_1_237' title='bbox 755 2667 781 2730; x_wconf 89' lang='lat' dir='ltr'><strong>si</strong></span> <span class='ocrx_word' id='word_1_238' title='bbox 812 2657 938 2730; x_wconf 84' lang='lat' dir='ltr'><strong>Flavius</strong></span> <span class='ocrx_word' id='word_1_239' title='bbox 962 2665 1043 2728; x_wconf 91' lang='lat' dir='ltr'><strong>nihil</strong></span> <span class='ocrx_word' id='word_1_240' title='bbox 1065 2665 1184 2728; x_wconf 73' lang='lat' dir='ltr'><strong>debat?</strong></span> <span class='ocrx_word' id='word_1_241' title='bbox 1221 2664 1306 2740; x_wconf 86' lang='lat' dir='ltr'><strong>Quid</strong></span> <span class='ocrx_word' id='word_1_242' title='bbox 1325 2664 1377 2727; x_wconf 89' lang='lat' dir='ltr'><strong>bic</strong></span> <span class='ocrx_word' id='word_1_243' title='bbox 1399 2683 1494 2748; x_wconf 91' lang='lat' dir='ltr'><strong>porro</strong></span> <span class='ocrx_word' id='word_1_244' title='bbox 1516 2681 1601 2725; x_wconf 91' lang='lat' dir='ltr'><strong>nunc</strong></span> 
     </span>
     <span class='ocr_line' id='line_1_25' title="bbox 275 2755 1602 2847; baseline -0.004 -26"><span class='ocrx_word' id='word_1_245' title='bbox 275 2758 496 2842; x_wconf 89' lang='lat' dir='ltr'><strong>restipulatur,</strong></span> <span class='ocrx_word' id='word_1_246' title='bbox 518 2761 690 2847; x_wconf 83' lang='lat' dir='ltr'><strong>quodiam</strong></span> <span class='ocrx_word' id='word_1_247' title='bbox 712 2761 836 2845; x_wconf 90' lang='lat' dir='ltr'><strong>pridem</strong></span> <span class='ocrx_word' id='word_1_248' title='bbox 857 2762 926 2844; x_wconf 88' lang='lat' dir='ltr'><strong>ipse</strong></span> <span class='ocrx_word' id='word_1_249' title='bbox 949 2760 1080 2842; x_wconf 77' lang='lat' dir='ltr'><strong>eregit?</strong></span> <span class='ocrx_word' id='word_1_250' title='bbox 1114 2757 1198 2835; x_wconf 90' lang='lat' dir='ltr'><strong>Quid</strong></span> <span class='ocrx_word' id='word_1_251' title='bbox 1220 2777 1296 2821; x_wconf 84' lang='lat' dir='ltr'><strong>vero</strong></span> <span class='ocrx_word' id='word_1_252' title='bbox 1318 2758 1444 2820; x_wconf 68' lang='lat' dir='ltr'><strong>Flauus</strong></span> <span class='ocrx_word' id='word_1_253' title='bbox 1465 2755 1523 2820; x_wconf 90' lang='lat' dir='ltr'><strong>tibi</strong></span> <span class='ocrx_word' id='word_1_254' title='bbox 1546 2756 1602 2818; x_wconf 89' lang='lat' dir='ltr'><strong>da-</strong></span> 
     </span>
     <span class='ocr_line' id='line_1_26' title="bbox 237 2852 1600 2940; baseline -0.004 -23"><span class='ocrx_word' id='word_1_255' title='bbox 237 2858 366 2917; x_wconf 66' lang='lat' dir='ltr'><strong>usurus</strong></span> <span class='ocrx_word' id='word_1_256' title='bbox 395 2863 458 2931; x_wconf 92' lang='lat' dir='ltr'><strong>est,</strong></span> <span class='ocrx_word' id='word_1_257' title='bbox 487 2857 543 2940; x_wconf 88' lang='lat' dir='ltr'><strong>qui</strong></span> <span class='ocrx_word' id='word_1_258' title='bbox 571 2857 686 2921; x_wconf 84' lang='lat' dir='ltr'><strong>Roscio</strong></span> <span class='ocrx_word' id='word_1_259' title='bbox 714 2875 824 2931; x_wconf 91' lang='lat' dir='ltr'><strong>omne,</strong></span> <span class='ocrx_word' id='word_1_260' title='bbox 852 2855 940 2940; x_wconf 90' lang='lat' dir='ltr'><strong>quod</strong></span> <span class='ocrx_word' id='word_1_261' title='bbox 971 2853 1095 2927; x_wconf 89' lang='lat' dir='ltr'><strong>debuit,</strong></span> <span class='ocrx_word' id='word_1_262' title='bbox 1126 2852 1296 2916; x_wconf 75' lang='lat' dir='ltr'><strong>dissolvit?</strong></span> <span class='ocrx_word' id='word_1_263' title='bbox 1341 2852 1404 2915; x_wconf 91' lang='lat' dir='ltr'><strong>Cur</strong></span> <span class='ocrx_word' id='word_1_264' title='bbox 1424 2853 1458 2914; x_wconf 94' lang='lat' dir='ltr'><strong>in</strong></span> <span class='ocrx_word' id='word_1_265' title='bbox 1480 2870 1515 2913; x_wconf 94' lang='lat' dir='ltr'><strong>re</strong></span> <span class='ocrx_word' id='word_1_266' title='bbox 1535 2857 1600 2912; x_wconf 89' lang='lat' dir='ltr'><strong>tam</strong></span> 
     </span>
     <span class='ocr_line' id='line_1_27' title="bbox 274 2943 1601 3033; baseline -0.005 -21"><span class='ocrx_word' id='word_1_267' title='bbox 274 2955 397 3024; x_wconf 80' lang='lat' dir='ltr'><strong>vetere,</strong></span> <span class='ocrx_word' id='word_1_268' title='bbox 420 2949 453 3012; x_wconf 93' lang='lat' dir='ltr'><strong>in</strong></span> <span class='ocrx_word' id='word_1_269' title='bbox 475 2951 603 3033; x_wconf 90' lang='lat' dir='ltr'><strong>negotio</strong></span> <span class='ocrx_word' id='word_1_270' title='bbox 625 2952 688 3014; x_wconf 89' lang='lat' dir='ltr'><strong>iam</strong></span> <span class='ocrx_word' id='word_1_271' title='bbox 710 2950 873 3026; x_wconf 88' lang='lat' dir='ltr'><strong>coniecto,</strong></span> <span class='ocrx_word' id='word_1_272' title='bbox 903 2950 937 3012; x_wconf 93' lang='lat' dir='ltr'><strong>in</strong></span> <span class='ocrx_word' id='word_1_273' title='bbox 958 2948 1111 3012; x_wconf 88' lang='lat' dir='ltr'><strong>societate</strong></span> <span class='ocrx_word' id='word_1_274' title='bbox 1130 2946 1286 3010; x_wconf 89' lang='lat' dir='ltr'><strong>dissoluta</strong></span> <span class='ocrx_word' id='word_1_275' title='bbox 1306 2966 1390 3010; x_wconf 84' lang='lat' dir='ltr'><strong>nova</strong></span> <span class='ocrx_word' id='word_1_276' title='bbox 1409 2947 1489 3010; x_wconf 89' lang='lat' dir='ltr'><strong>haec</strong></span> <span class='ocrx_word' id='word_1_277' title='bbox 1508 2943 1601 3007; x_wconf 88' lang='lat' dir='ltr'><strong>resti-</strong></span> 
     </span>
    </p>

    <p class='ocr_par' dir='ltr' id='par_1_11' title="bbox 146 3031 1602 3600">
     <span class='ocr_line' id='line_1_28' title="bbox 146 3031 1602 3163; baseline -0.003 -58"><span class='ocrx_word' id='word_1_278' title='bbox 146 3078 209 3163; x_wconf 43' lang='grc' dir='ltr'><strong>Α,</strong></span> <span class='ocrx_word' id='word_1_279' title='bbox 273 3041 396 3125; x_wconf 91' lang='lat' dir='ltr'><strong>pulatio</strong></span> <span class='ocrx_word' id='word_1_280' title='bbox 417 3043 656 3126; x_wconf 74' lang='lat' dir='ltr'><strong>interponitur?</strong></span> <span class='ocrx_word' id='word_1_281' title='bbox 681 3031 780 3122; x_wconf 75' lang='lat' dir='ltr'><strong>(Quis</strong></span> <span class='ocrx_word' id='word_1_282' title='bbox 803 3052 850 3107; x_wconf 88' lang='lat' dir='ltr'><strong>est</strong></span> <span class='ocrx_word' id='word_1_283' title='bbox 871 3044 967 3106; x_wconf 90' lang='lat' dir='ltr'><strong>huius</strong></span> <span class='ocrx_word' id='word_1_284' title='bbox 989 3041 1239 3124; x_wconf 86' lang='lat' dir='ltr'><strong>restipulationis</strong></span> <span class='ocrx_word' id='word_1_285' title='bbox 1261 3041 1411 3124; x_wconf 90' lang='lat' dir='ltr'><strong>scriptor,</strong></span> <span class='ocrx_word' id='word_1_286' title='bbox 1439 3039 1528 3104; x_wconf 88' lang='lat' dir='ltr'><strong>testis</strong></span> <span class='ocrx_word' id='word_1_287' title='bbox 1551 3057 1602 3101; x_wconf 90' lang='lat' dir='ltr'><strong>ar·</strong></span> 
     </span>
     <span class='ocr_line' id='line_1_29' title="bbox 272 3129 1601 3221; baseline -0.005 -21"><span class='ocrx_word' id='word_1_288' title='bbox 272 3135 443 3221; x_wconf 85' lang='lat' dir='ltr'><strong>biterquei</strong></span> <span class='ocrx_word' id='word_1_289' title='bbox 476 3140 539 3213; x_wconf 86' lang='lat' dir='ltr'><strong>Tu,</strong></span> <span class='ocrx_word' id='word_1_290' title='bbox 562 3131 717 3218; x_wconf 62' lang='lat' dir='ltr'><strong>sisoim</strong></span> <span class='ocrx_word' id='word_1_291' title='bbox 740 3139 825 3202; x_wconf 94' lang='lat' dir='ltr'><strong>enim</strong></span> <span class='ocrx_word' id='word_1_292' title='bbox 847 3139 887 3215; x_wconf 87' lang='lat' dir='ltr'><strong>Q.</strong></span> <span class='ocrx_word' id='word_1_293' title='bbox 901 3138 1051 3202; x_wconf 86' lang='lat' dir='ltr'><strong>Roscium</strong></span> <span class='ocrx_word' id='word_1_294' title='bbox 1073 3156 1131 3220; x_wconf 89' lang='lat' dir='ltr'><strong>pro</strong></span> <span class='ocrx_word' id='word_1_295' title='bbox 1155 3155 1269 3220; x_wconf 90' lang='lat' dir='ltr'><strong>opera,</strong></span> <span class='ocrx_word' id='word_1_296' title='bbox 1291 3155 1349 3220; x_wconf 92' lang='lat' dir='ltr'><strong>pro</strong></span> <span class='ocrx_word' id='word_1_297' title='bbox 1365 3135 1490 3211; x_wconf 88' lang='lat' dir='ltr'><strong>labore,</strong></span> <span class='ocrx_word' id='word_1_298' title='bbox 1513 3129 1601 3219; x_wconf 85' lang='lat' dir='ltr'><strong>quod</strong></span> 
     </span>
     <span class='ocr_line' id='line_1_30' title="bbox 274 3225 1600 3318; baseline -0.001 -25"><span class='ocrx_word' id='word_1_299' title='bbox 274 3232 420 3315; x_wconf 91' lang='lat' dir='ltr'><strong>cognitor</strong></span> <span class='ocrx_word' id='word_1_300' title='bbox 440 3232 568 3310; x_wconf 79' lang='lat' dir='ltr'><strong>fuisset,</strong></span> <span class='ocrx_word' id='word_1_301' title='bbox 591 3235 679 3318; x_wconf 88' lang='lat' dir='ltr'><strong>quod</strong></span> <span class='ocrx_word' id='word_1_302' title='bbox 701 3233 884 3299; x_wconf 80' lang='lat' dir='ltr'><strong>vadimonia</strong></span> <span class='ocrx_word' id='word_1_303' title='bbox 905 3233 1043 3307; x_wconf 89' lang='lat' dir='ltr'><strong>obisset,</strong></span> <span class='ocrx_word' id='word_1_304' title='bbox 1073 3232 1206 3314; x_wconf 90' lang='lat' dir='ltr'><strong>rogasti,</strong></span> <span class='ocrx_word' id='word_1_305' title='bbox 1229 3238 1265 3294; x_wconf 91' lang='lat' dir='ltr'><strong>ut</strong></span> <span class='ocrx_word' id='word_1_306' title='bbox 1286 3231 1407 3294; x_wconf 86' lang='lat' dir='ltr'><strong>Fannio</strong></span> <span class='ocrx_word' id='word_1_307' title='bbox 1429 3232 1519 3294; x_wconf 91' lang='lat' dir='ltr'><strong>daret</strong></span> <span class='ocrx_word' id='word_1_308' title='bbox 1540 3225 1600 3291; x_wconf 61' lang='lat' dir='ltr'><strong>Hb</strong></span> 
     </span>
     <span class='ocr_line' id='line_1_31' title="bbox 235 3323 1601 3412; baseline 0 -29"><span class='ocrx_word' id='word_1_309' title='bbox 235 3323 297 3407; x_wconf 63' lang='lat' dir='ltr'><strong>tols</strong></span> <span class='ocrx_word' id='word_1_310' title='bbox 312 3343 440 3388; x_wconf 79' lang='lat' dir='ltr'><strong>eceman</strong></span> <span class='ocrx_word' id='word_1_311' title='bbox 455 3326 516 3390; x_wconf 90' lang='lat' dir='ltr'><strong>hac</strong></span> <span class='ocrx_word' id='word_1_312' title='bbox 531 3327 731 3403; x_wconf 90' lang='lat' dir='ltr'><strong>condicione,</strong></span> <span class='ocrx_word' id='word_1_313' title='bbox 753 3335 805 3403; x_wconf 92' lang='lat' dir='ltr'><strong>ut,</strong></span> <span class='ocrx_word' id='word_1_314' title='bbox 828 3329 855 3392; x_wconf 88' lang='lat' dir='ltr'><strong>si</strong></span> <span class='ocrx_word' id='word_1_315' title='bbox 872 3328 949 3412; x_wconf 87' lang='lat' dir='ltr'><strong>quid</strong></span> <span class='ocrx_word' id='word_1_316' title='bbox 965 3328 1020 3391; x_wconf 88' lang='lat' dir='ltr'><strong>iile</strong></span> <span class='ocrx_word' id='word_1_317' title='bbox 1036 3328 1194 3410; x_wconf 87' lang='lat' dir='ltr'><strong>exegisset</strong></span> <span class='ocrx_word' id='word_1_318' title='bbox 1209 3346 1228 3389; x_wconf 88' lang='lat' dir='ltr'><strong>a</strong></span> <span class='ocrx_word' id='word_1_319' title='bbox 1242 3325 1369 3401; x_wconf 86' lang='lat' dir='ltr'><strong>Flavio,</strong></span> <span class='ocrx_word' id='word_1_320' title='bbox 1391 3333 1513 3409; x_wconf 90' lang='lat' dir='ltr'><strong>partem</strong></span> <span class='ocrx_word' id='word_1_321' title='bbox 1532 3323 1601 3384; x_wconf 94' lang='lat' dir='ltr'><strong>eius</strong></span> 
     </span>
     <span class='ocr_line' id='line_1_32' title="bbox 274 3418 1602 3505; baseline -0.005 -22"><span class='ocrx_word' id='word_1_322' title='bbox 274 3418 437 3485; x_wconf 89' lang='lat' dir='ltr'><strong>dimidiam</strong></span> <span class='ocrx_word' id='word_1_323' title='bbox 460 3421 576 3486; x_wconf 88' lang='lat' dir='ltr'><strong>lioscio</strong></span> <span class='ocrx_word' id='word_1_324' title='bbox 598 3421 796 3486; x_wconf 79' lang='lat' dir='ltr'><strong>dissolveret.</strong></span> <span class='ocrx_word' id='word_1_325' title='bbox 834 3423 958 3485; x_wconf 88' lang='lat' dir='ltr'><strong>Satisne</strong></span> <span class='ocrx_word' id='word_1_326' title='bbox 973 3423 1044 3505; x_wconf 89' lang='lat' dir='ltr'><strong>ipsa</strong></span> <span class='ocrx_word' id='word_1_327' title='bbox 1064 3422 1263 3504; x_wconf 91' lang='lat' dir='ltr'><strong>restipulatio</strong></span> <span class='ocrx_word' id='word_1_328' title='bbox 1279 3419 1385 3484; x_wconf 88' lang='lat' dir='ltr'><strong>dicere</strong></span> <span class='ocrx_word' id='word_1_329' title='bbox 1405 3421 1463 3483; x_wconf 91' lang='lat' dir='ltr'><strong>tibi</strong></span> <span class='ocrx_word' id='word_1_330' title='bbox 1477 3419 1602 3483; x_wconf 80' lang='lat' dir='ltr'><strong>videtur</strong></span> 
     </span>
     <span class='ocr_line' id='line_1_33' title="bbox 272 3510 1602 3600; baseline -0.002 -24"><span class='ocrx_word' id='word_1_331' title='bbox 272 3521 399 3596; x_wconf 85' lang='lat' dir='ltr'><strong>aperte,</strong></span> <span class='ocrx_word' id='word_1_332' title='bbox 421 3514 572 3579; x_wconf 82' lang='lat' dir='ltr'><strong>Roscium</strong></span> <span class='ocrx_word' id='word_1_333' title='bbox 594 3534 652 3600; x_wconf 92' lang='lat' dir='ltr'><strong>pro</strong></span> <span class='ocrx_word' id='word_1_334' title='bbox 675 3535 709 3580; x_wconf 91' lang='lat' dir='ltr'><strong>se</strong></span> <span class='ocrx_word' id='word_1_335' title='bbox 731 3516 911 3580; x_wconf 77' lang='lat' dir='ltr'><strong>decidisset</strong></span> <span class='ocrx_word' id='word_1_336' title='bbox 945 3515 996 3580; x_wconf 87' lang='grc'><strong>39.</strong></span> <span class='ocrx_word' id='word_1_337' title='bbox 1017 3519 1059 3580; x_wconf 88' lang='lat' dir='ltr'><strong>A:</strong></span> <span class='ocrx_word' id='word_1_338' title='bbox 1080 3517 1164 3581; x_wconf 89' lang='lat' dir='ltr'><strong>enim</strong></span> <span class='ocrx_word' id='word_1_339' title='bbox 1185 3515 1319 3579; x_wconf 83' lang='lat' dir='ltr'><strong>forsitan</strong></span> <span class='ocrx_word' id='word_1_340' title='bbox 1340 3516 1402 3579; x_wconf 88' lang='lat' dir='ltr'><strong>boe</strong></span> <span class='ocrx_word' id='word_1_341' title='bbox 1423 3511 1480 3577; x_wconf 88' lang='lat' dir='ltr'><strong>tibi</strong></span> <span class='ocrx_word' id='word_1_342' title='bbox 1495 3510 1602 3576; x_wconf 79' lang='lat' dir='ltr'><strong>veniat</strong></span> 
     </span>
    </p>
   </div>
   <div class='ocr_carea' id='block_1_3' title="bbox 144 3707 1603 5058">
    <p class='ocr_par' dir='ltr' id='par_1_12' title="bbox 337 3707 1602 3774">
     <span class='ocr_line' id='line_1_34' title="bbox 337 3707 1602 3774; baseline 0.001 -15"><span class='ocrx_word' id='word_1_343' title='bbox 337 3707 363 3759; x_wconf 67' lang='grc' dir='ltr'><strong>Ξ.</strong></span> <span class='ocrx_word' id='word_1_344' title='bbox 382 3709 448 3771; x_wconf 79' lang='lat' dir='ltr'><strong>Quid</strong></span> <span class='ocrx_word' id='word_1_345' title='bbox 463 3708 521 3760; x_wconf 80' lang='lat' dir='ltr'><strong>ito?</strong></span> <span class='ocrx_word' id='word_1_346' title='bbox 544 3709 606 3760; x_wconf 70' lang='lat' dir='ltr'><strong>:aaa</strong></span> <span class='ocrx_word' id='word_1_347' title='bbox 623 3709 709 3763; x_wconf 81' lang='lat' dir='ltr'><strong>ALil.</strong></span> <span class='ocrx_word' id='word_1_348' title='bbox 737 3709 775 3762; x_wconf 89' lang='lat' dir='ltr'><strong>Ci.</strong></span> <span class='ocrx_word' id='word_1_349' title='bbox 795 3709 819 3774; x_wconf 67' lang='grc' dir='ltr'><strong>Β.</strong></span> <span class='ocrx_word' id='word_1_350' title='bbox 839 3712 878 3762; x_wconf 75' lang='lat' dir='ltr'><strong>is.</strong></span> <span class='ocrx_word' id='word_1_351' title='bbox 898 3713 925 3762; x_wconf 87' lang='lat' dir='ltr'><strong>et</strong></span> <span class='ocrx_word' id='word_1_352' title='bbox 941 3710 982 3763; x_wconf 79' lang='lat' dir='ltr'><strong>st.</strong></span> <span class='ocrx_word' id='word_1_353' title='bbox 998 3737 1025 3748; x_wconf 99' lang='lat'><em>-</em></span> <span class='ocrx_word' id='word_1_354' title='bbox 1046 3725 1151 3764; x_wconf 80' lang='lat' dir='ltr'><strong>aarum</strong></span> <span class='ocrx_word' id='word_1_355' title='bbox 1168 3723 1288 3764; x_wconf 74' lang='lat' dir='ltr'><strong>sermm</strong></span> <span class='ocrx_word' id='word_1_356' title='bbox 1304 3711 1476 3763; x_wconf 79' lang='lat' dir='ltr'><strong>Garatonius:</strong></span> <span class='ocrx_word' id='word_1_357' title='bbox 1496 3717 1602 3760; x_wconf 78' lang='lat' dir='ltr'><strong>saram</strong></span> 
     </span>
    </p>

    <p class='ocr_par' dir='ltr' id='par_1_13' title="bbox 144 3784 1603 5058">
     <span class='ocr_line' id='line_1_35' title="bbox 271 3784 1602 3850; baseline 0 -15"><span class='ocrx_word' id='word_1_358' title='bbox 271 3797 287 3835; x_wconf 81' lang='lat' dir='ltr'><strong>s</strong></span> <span class='ocrx_word' id='word_1_359' title='bbox 303 3795 335 3837; x_wconf 86' lang='lat' dir='ltr'><strong>ss</strong></span> <span class='ocrx_word' id='word_1_360' title='bbox 351 3796 471 3837; x_wconf 78' lang='lat' dir='ltr'><strong>naaman</strong></span> <span class='ocrx_word' id='word_1_361' title='bbox 488 3797 550 3838; x_wconf 90' lang='lat' dir='ltr'><strong>oum</strong></span> <span class='ocrx_word' id='word_1_362' title='bbox 567 3784 706 3838; x_wconf 84' lang='lat' dir='ltr'><strong>codicibus</strong></span> <span class='ocrx_word' id='word_1_363' title='bbox 721 3784 810 3846; x_wconf 69' lang='lat' dir='ltr'><strong>Aio,</strong></span> <span class='ocrx_word' id='word_1_364' title='bbox 826 3799 932 3839; x_wconf 78' lang='lat' dir='ltr'><strong>sarens</strong></span> <span class='ocrx_word' id='word_1_365' title='bbox 948 3799 979 3837; x_wconf 75' lang='lat' dir='ltr'><strong>rr</strong></span> <span class='ocrx_word' id='word_1_366' title='bbox 995 3799 1028 3838; x_wconf 82' lang='lat' dir='ltr'><strong>so</strong></span> <span class='ocrx_word' id='word_1_367' title='bbox 1043 3800 1163 3840; x_wconf 77' lang='lat' dir='ltr'><strong>urrinni:</strong></span> <span class='ocrx_word' id='word_1_368' title='bbox 1174 3789 1202 3850; x_wconf 99' lang='lat' dir='ltr'><strong>L,</strong></span> <span class='ocrx_word' id='word_1_369' title='bbox 1219 3799 1324 3840; x_wconf 74' lang='lat' dir='ltr'><strong>aarum</strong></span> <span class='ocrx_word' id='word_1_370' title='bbox 1334 3797 1526 3840; x_wconf 72' lang='lat' dir='ltr'><strong>manninas</strong></span> <span class='ocrx_word' id='word_1_371' title='bbox 1537 3785 1602 3835; x_wconf 72' lang='lat' dir='ltr'><strong>ilot-</strong></span> 
     </span>
     <span class='ocr_line' id='line_1_36' title="bbox 273 3858 1601 3930; baseline 0.003 -21"><span class='ocrx_word' id='word_1_372' title='bbox 273 3871 408 3911; x_wconf 88' lang='lat' dir='ltr'><strong>moraeus.</strong></span> <span class='ocrx_word' id='word_1_373' title='bbox 436 3860 474 3912; x_wconf 84' lang='lat' dir='ltr'><strong>Gi.</strong></span> <span class='ocrx_word' id='word_1_374' title='bbox 492 3873 519 3912; x_wconf 90' lang='lat' dir='ltr'><strong>v.</strong></span> <span class='ocrx_word' id='word_1_375' title='bbox 537 3861 562 3912; x_wconf 85' lang='grc'><strong>8.</strong></span> <span class='ocrx_word' id='word_1_376' title='bbox 583 3888 611 3898; x_wconf 98' lang='grc'>-</span> <span class='ocrx_word' id='word_1_377' title='bbox 634 3861 678 3924; x_wconf 77' lang='lat' dir='ltr'><strong>usi</strong></span> <span class='ocrx_word' id='word_1_378' title='bbox 694 3861 715 3910; x_wconf 81' lang='lat' dir='ltr'><strong>n·</strong></span> <span class='ocrx_word' id='word_1_379' title='bbox 731 3874 779 3912; x_wconf 72' lang='lat' dir='ltr'><strong>usn</strong></span> <span class='ocrx_word' id='word_1_380' title='bbox 794 3864 825 3914; x_wconf 94' lang='lat' dir='ltr'><strong>A.</strong></span> <span class='ocrx_word' id='word_1_381' title='bbox 846 3889 873 3899; x_wconf 94' lang='grc'><strong>-</strong></span> <span class='ocrx_word' id='word_1_382' title='bbox 897 3861 921 3914; x_wconf 84' lang='grc'><strong>3.</strong></span> <span class='ocrx_word' id='word_1_383' title='bbox 939 3863 1065 3930; x_wconf 64' lang='lat' dir='ltr'><strong>rdinum]</strong></span> <span class='ocrx_word' id='word_1_384' title='bbox 1087 3864 1189 3926; x_wconf 65' lang='lat' dir='ltr'><strong>relocat</strong></span> <span class='ocrx_word' id='word_1_385' title='bbox 1205 3865 1326 3916; x_wconf 80' lang='lat' dir='ltr'><strong>nGiiA.</strong></span> <span class='ocrx_word' id='word_1_386' title='bbox 1349 3889 1376 3901; x_wconf 90' lang='lat'>-</span> <span class='ocrx_word' id='word_1_387' title='bbox 1391 3874 1441 3925; x_wconf 75' lang='lat' dir='ltr'><strong>pro</strong></span> <span class='ocrx_word' id='word_1_388' title='bbox 1452 3858 1537 3925; x_wconf 67' lang='lat' dir='ltr'><strong>socio]</strong></span> <span class='ocrx_word' id='word_1_389' title='bbox 1551 3871 1601 3924; x_wconf 76' lang='lat' dir='ltr'><strong>pro</strong></span> 
     </span>
     <span class='ocr_line' id='line_1_37' title="bbox 271 3933 1602 4000; baseline 0 -16"><span class='ocrx_word' id='word_1_390' title='bbox 271 3934 347 3984; x_wconf 76' lang='lat' dir='ltr'><strong>roscit</strong></span> <span class='ocrx_word' id='word_1_391' title='bbox 362 3949 391 3986; x_wconf 87' lang='grc' dir='ltr'><strong>α.</strong></span> <span class='ocrx_word' id='word_1_392' title='bbox 406 3961 433 3972; x_wconf 90' lang='grc'><strong>-</strong></span> <span class='ocrx_word' id='word_1_393' title='bbox 452 3933 477 3987; x_wconf 83' lang='lat' dir='ltr'><strong>i.</strong></span> <span class='ocrx_word' id='word_1_394' title='bbox 497 3935 562 3999; x_wconf 80' lang='lat' dir='ltr'><strong>Ouid</strong></span> <span class='ocrx_word' id='word_1_395' title='bbox 577 3934 635 3986; x_wconf 81' lang='lat' dir='ltr'><strong>ita?</strong></span> <span class='ocrx_word' id='word_1_396' title='bbox 651 3935 738 3986; x_wconf 79' lang='lat' dir='ltr'><strong>Flauio</strong></span> <span class='ocrx_word' id='word_1_397' title='bbox 754 3933 844 3991; x_wconf 79' lang='lat' dir='ltr'><strong>iiAt.</strong></span> <span class='ocrx_word' id='word_1_398' title='bbox 872 3937 910 3988; x_wconf 89' lang='lat' dir='ltr'><strong>Ci.</strong></span> <span class='ocrx_word' id='word_1_399' title='bbox 930 3951 954 3988; x_wconf 86' lang='lat' dir='ltr'><strong>v.</strong></span> <span class='ocrx_word' id='word_1_400' title='bbox 973 3939 997 3990; x_wconf 76' lang='grc' dir='ltr'><strong>Ξ.</strong></span> <span class='ocrx_word' id='word_1_401' title='bbox 1019 3967 1046 3976; x_wconf 96' lang='grc'>-</span> <span class='ocrx_word' id='word_1_402' title='bbox 1064 3941 1089 3990; x_wconf 78' lang='lat' dir='ltr'><strong>a.</strong></span> <span class='ocrx_word' id='word_1_403' title='bbox 1107 3943 1187 3989; x_wconf 79' lang='lat' dir='ltr'><strong>mesia</strong></span> <span class='ocrx_word' id='word_1_404' title='bbox 1203 3940 1265 3990; x_wconf 81' lang='lat' dir='ltr'><strong>ali.</strong></span> <span class='ocrx_word' id='word_1_405' title='bbox 1281 3965 1308 3976; x_wconf 92' lang='lat'>-</span> <span class='ocrx_word' id='word_1_406' title='bbox 1326 3938 1351 3990; x_wconf 89' lang='lat'><strong>8.</strong></span> <span class='ocrx_word' id='word_1_407' title='bbox 1371 3937 1440 3988; x_wconf 82' lang='lat' dir='ltr'><strong>Fort.</strong></span> <span class='ocrx_word' id='word_1_408' title='bbox 1460 3935 1568 4000; x_wconf 73' lang='lat' dir='ltr'><strong>amplisu</strong></span> <span class='ocrx_word' id='word_1_409' title='bbox 1583 3947 1602 3983; x_wconf 81' lang='lat' dir='ltr'><strong>a</strong></span> 
     </span>
     <span class='ocr_line' id='line_1_38' title="bbox 272 4008 1599 4079; baseline 0 -19"><span class='ocrx_word' id='word_1_410' title='bbox 272 4019 298 4060; x_wconf 80' lang='lat' dir='ltr'><strong>rc</strong></span> <span class='ocrx_word' id='word_1_411' title='bbox 310 4009 461 4072; x_wconf 68' lang='lat' dir='ltr'><strong>notanus,</strong></span> <span class='ocrx_word' id='word_1_412' title='bbox 484 4011 515 4060; x_wconf 90' lang='lat' dir='ltr'><strong>ut</strong></span> <span class='ocrx_word' id='word_1_413' title='bbox 530 4008 613 4061; x_wconf 84' lang='lat' dir='ltr'><strong>verba</strong></span> <span class='ocrx_word' id='word_1_414' title='bbox 631 4023 711 4076; x_wconf 87' lang='lat' dir='ltr'><strong>supra</strong></span> <span class='ocrx_word' id='word_1_415' title='bbox 724 4012 757 4074; x_wconf 80' lang='lat' dir='ltr'><strong>lv.</strong></span> <span class='ocrx_word' id='word_1_416' title='bbox 770 4011 805 4076; x_wconf 75' lang='lat'><strong>2.)</strong></span> <span class='ocrx_word' id='word_1_417' title='bbox 822 4009 910 4062; x_wconf 89' lang='lat' dir='ltr'><strong>deleta</strong></span> <span class='ocrx_word' id='word_1_418' title='bbox 922 4011 984 4063; x_wconf 89' lang='lat' dir='ltr'><strong>hinc</strong></span> <span class='ocrx_word' id='word_1_419' title='bbox 995 4011 1057 4065; x_wconf 89' lang='lat' dir='ltr'><strong>illuc</strong></span> <span class='ocrx_word' id='word_1_420' title='bbox 1068 4015 1225 4079; x_wconf 86' lang='lat' dir='ltr'><strong>transposita</strong></span> <span class='ocrx_word' id='word_1_421' title='bbox 1236 4014 1296 4066; x_wconf 88' lang='lat' dir='ltr'><strong>sint.</strong></span> <span class='ocrx_word' id='word_1_422' title='bbox 1311 4041 1338 4050; x_wconf 97' lang='lat'><em>-</em></span> <span class='ocrx_word' id='word_1_423' title='bbox 1357 4011 1381 4063; x_wconf 83' lang='lat'><strong>9.</strong></span> <span class='ocrx_word' id='word_1_424' title='bbox 1394 4011 1487 4063; x_wconf 76' lang='lat' dir='ltr'><strong>dxsdtt</strong></span> <span class='ocrx_word' id='word_1_425' title='bbox 1502 4011 1599 4061; x_wconf 77' lang='lat' dir='ltr'><strong>atil:</strong></span> 
     </span>
     <span class='ocr_line' id='line_1_39' title="bbox 273 4083 1602 4156; baseline 0.002 -22"><span class='ocrx_word' id='word_1_426' title='bbox 273 4084 362 4135; x_wconf 78' lang='lat' dir='ltr'><strong>decidit</strong></span> <span class='ocrx_word' id='word_1_427' title='bbox 378 4083 495 4140; x_wconf 77' lang='lat' dir='ltr'><strong>iiLtO.</strong></span> <span class='ocrx_word' id='word_1_428' title='bbox 517 4113 545 4123; x_wconf 91' lang='lat'><em>-</em></span> <span class='ocrx_word' id='word_1_429' title='bbox 570 4085 623 4151; x_wconf 82' lang='lat' dir='ltr'><strong>occ]</strong></span> <span class='ocrx_word' id='word_1_430' title='bbox 648 4099 680 4137; x_wconf 84' lang='lat' dir='ltr'><strong>ns</strong></span> <span class='ocrx_word' id='word_1_431' title='bbox 700 4087 791 4140; x_wconf 75' lang='lat' dir='ltr'><strong>adii.</strong></span> <span class='ocrx_word' id='word_1_432' title='bbox 812 4113 839 4124; x_wconf 92' lang='lat'>-</span> <span class='ocrx_word' id='word_1_433' title='bbox 864 4086 904 4138; x_wconf 84' lang='lat' dir='ltr'><strong>iu.</strong></span> <span class='ocrx_word' id='word_1_434' title='bbox 921 4087 974 4153; x_wconf 73' lang='lat' dir='ltr'><strong>Est]</strong></span> <span class='ocrx_word' id='word_1_435' title='bbox 996 4088 1029 4140; x_wconf 75' lang='lat' dir='ltr'><strong>s:</strong></span> <span class='ocrx_word' id='word_1_436' title='bbox 1045 4093 1074 4142; x_wconf 93' lang='lat' dir='ltr'><strong>A.</strong></span> <span class='ocrx_word' id='word_1_437' title='bbox 1096 4117 1123 4127; x_wconf 91' lang='lat'>-</span> <span class='ocrx_word' id='word_1_438' title='bbox 1142 4090 1182 4141; x_wconf 94' lang='lat' dir='ltr'><strong>ii.</strong></span> <span class='ocrx_word' id='word_1_439' title='bbox 1199 4088 1369 4156; x_wconf 54' lang='lat' dir='ltr'><strong>matium</strong></span> <span class='ocrx_word' id='word_1_440' title='bbox 1384 4091 1409 4139; x_wconf 83' lang='lat' dir='ltr'><strong>st</strong></span> <span class='ocrx_word' id='word_1_441' title='bbox 1424 4085 1602 4152; x_wconf 64' lang='lat' dir='ltr'><strong>uresheim</strong></span> 
     </span>
     <span class='ocr_line' id='line_1_40' title="bbox 272 4159 1601 4232; baseline 0.005 -23"><span class='ocrx_word' id='word_1_442' title='bbox 272 4159 386 4212; x_wconf 76' lang='lat' dir='ltr'><strong>asiis</strong></span> <span class='ocrx_word' id='word_1_443' title='bbox 403 4164 431 4212; x_wconf 88' lang='lat' dir='ltr'><strong>et</strong></span> <span class='ocrx_word' id='word_1_444' title='bbox 447 4160 560 4211; x_wconf 80' lang='lat' dir='ltr'><strong>Iuntina:</strong></span> <span class='ocrx_word' id='word_1_445' title='bbox 578 4161 756 4226; x_wconf 63' lang='lat' dir='ltr'><strong>mandatorem</strong></span> <span class='ocrx_word' id='word_1_446' title='bbox 771 4165 795 4212; x_wconf 82' lang='lat' dir='ltr'><strong>st</strong></span> <span class='ocrx_word' id='word_1_447' title='bbox 808 4163 1072 4226; x_wconf 65' lang='lat' dir='ltr'><strong>fluatsstmsmbio.</strong></span> <span class='ocrx_word' id='word_1_448' title='bbox 1092 4165 1130 4218; x_wconf 86' lang='lat' dir='ltr'><strong>ci.</strong></span> <span class='ocrx_word' id='word_1_449' title='bbox 1144 4167 1168 4231; x_wconf 67' lang='lat'><strong>3.</strong></span> <span class='ocrx_word' id='word_1_450' title='bbox 1182 4166 1230 4216; x_wconf 83' lang='lat' dir='ltr'><strong>ti:</strong></span> <span class='ocrx_word' id='word_1_451' title='bbox 1247 4169 1383 4232; x_wconf 64' lang='lat' dir='ltr'><strong>munet</strong></span> <span class='ocrx_word' id='word_1_452' title='bbox 1398 4177 1478 4230; x_wconf 80' lang='lat' dir='ltr'><strong>grove</strong></span> <span class='ocrx_word' id='word_1_453' title='bbox 1495 4163 1601 4214; x_wconf 69' lang='lat' dir='ltr'><strong>wdeto-</strong></span> 
     </span>
     <span class='ocr_line' id='line_1_41' title="bbox 271 4233 1602 4304; baseline 0.002 -19"><span class='ocrx_word' id='word_1_454' title='bbox 271 4235 350 4285; x_wconf 80' lang='lat' dir='ltr'><strong>sism.</strong></span> <span class='ocrx_word' id='word_1_455' title='bbox 371 4259 399 4272; x_wconf 93' lang='lat'><em>-</em></span> <span class='ocrx_word' id='word_1_456' title='bbox 422 4233 462 4287; x_wconf 84' lang='lat' dir='ltr'><strong>ii.</strong></span> <span class='ocrx_word' id='word_1_457' title='bbox 480 4235 553 4301; x_wconf 75' lang='lat' dir='ltr'><strong>[oris]</strong></span> <span class='ocrx_word' id='word_1_458' title='bbox 573 4237 641 4299; x_wconf 73' lang='lat' dir='ltr'><strong>lma</strong></span> <span class='ocrx_word' id='word_1_459' title='bbox 656 4252 684 4287; x_wconf 86' lang='grc' dir='ltr'><strong>α.</strong></span> <span class='ocrx_word' id='word_1_460' title='bbox 705 4265 732 4274; x_wconf 98' lang='grc'>-</span> <span class='ocrx_word' id='word_1_461' title='bbox 751 4237 792 4288; x_wconf 79' lang='lat' dir='ltr'><strong>ti.</strong></span> <span class='ocrx_word' id='word_1_462' title='bbox 810 4238 884 4288; x_wconf 79' lang='lat' dir='ltr'><strong>sauls</strong></span> <span class='ocrx_word' id='word_1_463' title='bbox 898 4239 944 4288; x_wconf 83' lang='lat' dir='ltr'><strong>XV</strong></span> <span class='ocrx_word' id='word_1_464' title='bbox 957 4241 1006 4292; x_wconf 77' lang='lat' dir='ltr'><strong>ati</strong></span> <span class='ocrx_word' id='word_1_465' title='bbox 1024 4241 1058 4304; x_wconf 86' lang='lat' dir='ltr'><strong>(in</strong></span> <span class='ocrx_word' id='word_1_466' title='bbox 1076 4243 1102 4292; x_wconf 86' lang='lat' dir='ltr'><strong>ii</strong></span> <span class='ocrx_word' id='word_1_467' title='bbox 1118 4240 1214 4293; x_wconf 89' lang='lat' dir='ltr'><strong>desunt</strong></span> <span class='ocrx_word' id='word_1_468' title='bbox 1224 4255 1267 4292; x_wconf 83' lang='lat' dir='ltr'><strong>vv.</strong></span> <span class='ocrx_word' id='word_1_469' title='bbox 1280 4241 1602 4292; x_wconf 65' lang='lat' dir='ltr'><strong>sommum-nuso</strong></span> 
     </span>
     <span class='ocr_line' id='line_1_42' title="bbox 272 4307 1602 4381; baseline 0.007 -24"><span class='ocrx_word' id='word_1_470' title='bbox 272 4319 337 4372; x_wconf 73' lang='lat' dir='ltr'><strong>quos</strong></span> <span class='ocrx_word' id='word_1_471' title='bbox 353 4307 418 4373; x_wconf 78' lang='lat' dir='ltr'><strong>sati)</strong></span> <span class='ocrx_word' id='word_1_472' title='bbox 435 4307 496 4363; x_wconf 61' lang='lat' dir='ltr'><strong>Ati:</strong></span> <span class='ocrx_word' id='word_1_473' title='bbox 515 4310 589 4361; x_wconf 59' lang='lat' dir='ltr'><strong>aaut</strong></span> <span class='ocrx_word' id='word_1_474' title='bbox 603 4311 664 4374; x_wconf 88' lang='lat' dir='ltr'><strong>VL,</strong></span> <span class='ocrx_word' id='word_1_475' title='bbox 683 4309 731 4361; x_wconf 75' lang='lat' dir='ltr'><strong>eal.</strong></span> <span class='ocrx_word' id='word_1_476' title='bbox 745 4323 825 4362; x_wconf 68' lang='lat' dir='ltr'><strong>moos</strong></span> <span class='ocrx_word' id='word_1_477' title='bbox 839 4313 887 4364; x_wconf 79' lang='lat' dir='ltr'><strong>IV»</strong></span> <span class='ocrx_word' id='word_1_478' title='bbox 900 4328 953 4381; x_wconf 92' lang='lat' dir='ltr'><strong>mg.</strong></span> <span class='ocrx_word' id='word_1_479' title='bbox 967 4314 997 4380; x_wconf 71' lang='grc'><strong>3,</strong></span> <span class='ocrx_word' id='word_1_480' title='bbox 1016 4318 1090 4369; x_wconf 78' lang='lat' dir='ltr'><strong>conta</strong></span> <span class='ocrx_word' id='word_1_481' title='bbox 1104 4319 1211 4369; x_wconf 80' lang='lat' dir='ltr'><strong>ll&#39;cum</strong></span> <span class='ocrx_word' id='word_1_482' title='bbox 1223 4319 1370 4369; x_wconf 82' lang='lat' dir='ltr'><strong>Hotomano</strong></span> <span class='ocrx_word' id='word_1_483' title='bbox 1382 4316 1412 4368; x_wconf 90' lang='lat'><strong>0.</strong></span> <span class='ocrx_word' id='word_1_484' title='bbox 1427 4343 1455 4354; x_wconf 93' lang='lat'><em>-</em></span> <span class='ocrx_word' id='word_1_485' title='bbox 1475 4315 1515 4367; x_wconf 79' lang='lat' dir='ltr'><strong>ie.</strong></span> <span class='ocrx_word' id='word_1_486' title='bbox 1527 4314 1602 4365; x_wconf 69' lang='lat' dir='ltr'><strong>Owen</strong></span> 
     </span>
     <span class='ocr_line' id='line_1_43' title="bbox 274 4382 1599 4457; baseline 0.007 -24"><span class='ocrx_word' id='word_1_487' title='bbox 274 4382 459 4446; x_wconf 63' lang='grc' dir='ltr'><strong>αἰρυὶσιίοηαπ</strong></span> <span class='ocrx_word' id='word_1_488' title='bbox 475 4384 570 4437; x_wconf 80' lang='lat' dir='ltr'><strong>(iiiA.</strong></span> <span class='ocrx_word' id='word_1_489' title='bbox 584 4411 611 4424; x_wconf 92' lang='lat'><strong>-··</strong></span> <span class='ocrx_word' id='word_1_490' title='bbox 630 4385 671 4437; x_wconf 73' lang='lat'><strong>20.</strong></span> <span class='ocrx_word' id='word_1_491' title='bbox 684 4391 702 4438; x_wconf 83' lang='grc' dir='ltr'><strong>ι,</strong></span> <span class='ocrx_word' id='word_1_492' title='bbox 715 4399 736 4437; x_wconf 86' lang='lat' dir='ltr'><strong>c.</strong></span> <span class='ocrx_word' id='word_1_493' title='bbox 756 4399 781 4437; x_wconf 82' lang='lat' dir='ltr'><strong>ss</strong></span> <span class='ocrx_word' id='word_1_494' title='bbox 791 4399 852 4452; x_wconf 76' lang='lat' dir='ltr'><strong>cogo</strong></span> <span class='ocrx_word' id='word_1_495' title='bbox 863 4389 944 4442; x_wconf 62' lang='lat' dir='ltr'><strong>deors</strong></span> <span class='ocrx_word' id='word_1_496' title='bbox 955 4392 1000 4442; x_wconf 76' lang='lat' dir='ltr'><strong>«ut</strong></span> <span class='ocrx_word' id='word_1_497' title='bbox 1009 4393 1107 4443; x_wconf 81' lang='lat' dir='ltr'><strong>vitetur</strong></span> <span class='ocrx_word' id='word_1_498' title='bbox 1118 4405 1245 4444; x_wconf 89' lang='lat' dir='ltr'><strong>numerus</strong></span> <span class='ocrx_word' id='word_1_499' title='bbox 1256 4392 1392 4457; x_wconf 79' lang='lat' dir='ltr'><strong>poeticus·</strong></span> <span class='ocrx_word' id='word_1_500' title='bbox 1408 4391 1599 4444; x_wconf 73' lang='lat' dir='ltr'><strong>Boemoraeus.</strong></span> 
     </span>
     <span class='ocr_line' id='line_1_44' title="bbox 272 4457 1600 4532; baseline 0.007 -22"><span class='ocrx_word' id='word_1_501' title='bbox 272 4457 417 4511; x_wconf 84' lang='lat' dir='ltr'><strong>Lambinus</strong></span> <span class='ocrx_word' id='word_1_502' title='bbox 433 4457 550 4510; x_wconf 89' lang='lat' dir='ltr'><strong>malebat</strong></span> <span class='ocrx_word' id='word_1_503' title='bbox 565 4464 584 4510; x_wconf 87' lang='lat' dir='ltr'><strong>t.</strong></span> <span class='ocrx_word' id='word_1_504' title='bbox 597 4460 677 4512; x_wconf 80' lang='lat' dir='ltr'><strong>dicero</strong></span> <span class='ocrx_word' id='word_1_505' title='bbox 688 4475 710 4512; x_wconf 86' lang='lat' dir='ltr'><strong>c.</strong></span> <span class='ocrx_word' id='word_1_506' title='bbox 723 4474 748 4512; x_wconf 81' lang='lat' dir='ltr'><strong>a:</strong></span> <span class='ocrx_word' id='word_1_507' title='bbox 757 4474 827 4526; x_wconf 76' lang='lat' dir='ltr'><strong>cogo.</strong></span> <span class='ocrx_word' id='word_1_508' title='bbox 842 4489 870 4500; x_wconf 92' lang='lat'><em>-</em></span> <span class='ocrx_word' id='word_1_509' title='bbox 887 4464 929 4515; x_wconf 77' lang='lat' dir='ltr'><strong>ai.</strong></span> <span class='ocrx_word' id='word_1_510' title='bbox 941 4467 1007 4517; x_wconf 74' lang='lat' dir='ltr'><strong>mim</strong></span> <span class='ocrx_word' id='word_1_511' title='bbox 1017 4460 1144 4530; x_wconf 60' lang='lat' dir='ltr'><strong>eusimio</strong></span> <span class='ocrx_word' id='word_1_512' title='bbox 1156 4469 1180 4519; x_wconf 86' lang='lat' dir='ltr'><strong>ii</strong></span> <span class='ocrx_word' id='word_1_513' title='bbox 1190 4469 1220 4518; x_wconf 89' lang='lat' dir='ltr'><strong>A.</strong></span> <span class='ocrx_word' id='word_1_514' title='bbox 1235 4490 1262 4505; x_wconf 87' lang='lat'><em>-</em></span> <span class='ocrx_word' id='word_1_515' title='bbox 1281 4467 1322 4518; x_wconf 78' lang='lat'><strong>23.</strong></span> <span class='ocrx_word' id='word_1_516' title='bbox 1341 4467 1401 4530; x_wconf 79' lang='lat' dir='ltr'><strong>quid</strong></span> <span class='ocrx_word' id='word_1_517' title='bbox 1416 4467 1462 4518; x_wconf 82' lang='lat' dir='ltr'><strong>icc</strong></span> <span class='ocrx_word' id='word_1_518' title='bbox 1476 4480 1555 4532; x_wconf 71' lang='lat' dir='ltr'><strong>porro</strong></span> <span class='ocrx_word' id='word_1_519' title='bbox 1565 4465 1600 4528; x_wconf 86' lang='lat' dir='ltr'><strong>ii,</strong></span> 
     </span>
     <span class='ocr_line' id='line_1_45' title="bbox 272 4531 1600 4607; baseline 0.008 -24"><span class='ocrx_word' id='word_1_520' title='bbox 272 4531 353 4596; x_wconf 68' lang='lat' dir='ltr'><strong>qud?</strong></span> <span class='ocrx_word' id='word_1_521' title='bbox 368 4533 413 4584; x_wconf 80' lang='lat' dir='ltr'><strong>boc</strong></span> <span class='ocrx_word' id='word_1_522' title='bbox 426 4547 506 4597; x_wconf 77' lang='lat' dir='ltr'><strong>pon-o</strong></span> <span class='ocrx_word' id='word_1_523' title='bbox 516 4539 547 4587; x_wconf 93' lang='lat' dir='ltr'><strong>A.</strong></span> <span class='ocrx_word' id='word_1_524' title='bbox 561 4561 590 4574; x_wconf 82' lang='lat'>-</span> <span class='ocrx_word' id='word_1_525' title='bbox 607 4537 649 4588; x_wconf 81' lang='lat' dir='ltr'><strong>re.</strong></span> <span class='ocrx_word' id='word_1_526' title='bbox 666 4543 748 4588; x_wconf 70' lang='lat' dir='ltr'><strong>ostem</strong></span> <span class='ocrx_word' id='word_1_527' title='bbox 759 4539 797 4589; x_wconf 89' lang='lat' dir='ltr'><strong>A:</strong></span> <span class='ocrx_word' id='word_1_528' title='bbox 815 4541 892 4590; x_wconf 73' lang='lat' dir='ltr'><strong>oetas·</strong></span> <span class='ocrx_word' id='word_1_529' title='bbox 907 4543 998 4593; x_wconf 89' lang='lat' dir='ltr'><strong>ceteri.</strong></span> <span class='ocrx_word' id='word_1_530' title='bbox 1020 4542 1058 4594; x_wconf 85' lang='lat' dir='ltr'><strong>Gi.</strong></span> <span class='ocrx_word' id='word_1_531' title='bbox 1071 4541 1238 4606; x_wconf 84' lang='lat' dir='ltr'><strong>Wesenberg</strong></span> <span class='ocrx_word' id='word_1_532' title='bbox 1251 4539 1285 4592; x_wconf 89' lang='lat' dir='ltr'><strong>ad</strong></span> <span class='ocrx_word' id='word_1_533' title='bbox 1297 4555 1336 4592; x_wconf 84' lang='lat' dir='ltr'><strong>or.</strong></span> <span class='ocrx_word' id='word_1_534' title='bbox 1348 4554 1376 4606; x_wconf 90' lang='lat' dir='ltr'><strong>p.</strong></span> <span class='ocrx_word' id='word_1_535' title='bbox 1389 4543 1474 4594; x_wconf 87' lang='lat' dir='ltr'><strong>Sestio</strong></span> <span class='ocrx_word' id='word_1_536' title='bbox 1489 4555 1516 4607; x_wconf 90' lang='lat' dir='ltr'><strong>p.</strong></span> <span class='ocrx_word' id='word_1_537' title='bbox 1535 4541 1560 4594; x_wconf 82' lang='lat'><strong>8.</strong></span> <span class='ocrx_word' id='word_1_538' title='bbox 1572 4566 1600 4578; x_wconf 91' lang='lat'>—</span> 
     </span>
     <span class='ocr_line' id='line_1_46' title="bbox 144 4607 1600 4682; baseline 0.008 -25"><span class='ocrx_word' id='word_1_539' title='bbox 144 4650 155 4674; x_wconf 64' lang='lat'><em>„</em></span> <span class='ocrx_word' id='word_1_540' title='bbox 270 4607 325 4658; x_wconf 81' lang='lat' dir='ltr'><strong>tum</strong></span> <span class='ocrx_word' id='word_1_541' title='bbox 347 4607 456 4672; x_wconf 60' lang='lat' dir='ltr'><strong>omento</strong></span> <span class='ocrx_word' id='word_1_542' title='bbox 481 4623 544 4662; x_wconf 88' lang='lat' dir='ltr'><strong>cum</strong></span> <span class='ocrx_word' id='word_1_543' title='bbox 569 4609 715 4664; x_wconf 77' lang='lat' dir='ltr'><strong>Gallieimio</strong></span> <span class='ocrx_word' id='word_1_544' title='bbox 740 4614 768 4663; x_wconf 89' lang='lat' dir='ltr'><strong>et</strong></span> <span class='ocrx_word' id='word_1_545' title='bbox 791 4615 940 4666; x_wconf 81' lang='lat' dir='ltr'><strong>Passeratio</strong></span> <span class='ocrx_word' id='word_1_546' title='bbox 961 4618 998 4669; x_wconf 90' lang='lat' dir='ltr'><strong>L:</strong></span> <span class='ocrx_word' id='word_1_547' title='bbox 1026 4624 1078 4668; x_wconf 76' lang='lat' dir='ltr'><strong>mn:</strong></span> <span class='ocrx_word' id='word_1_548' title='bbox 1098 4618 1206 4682; x_wconf 63' lang='lat' dir='ltr'><strong>corteto</strong></span> <span class='ocrx_word' id='word_1_549' title='bbox 1229 4628 1291 4668; x_wconf 91' lang='lat' dir='ltr'><strong>cum</strong></span> <span class='ocrx_word' id='word_1_550' title='bbox 1309 4615 1447 4668; x_wconf 82' lang='lat' dir='ltr'><strong>codicibus</strong></span> <span class='ocrx_word' id='word_1_551' title='bbox 1464 4615 1551 4673; x_wconf 67' lang='lat' dir='ltr'><strong>Aio.</strong></span> <span class='ocrx_word' id='word_1_552' title='bbox 1571 4639 1600 4653; x_wconf 89' lang='lat'><strong>·-</strong></span> 
     </span>
     <span class='ocr_line' id='line_1_47' title="bbox 271 4683 1603 4756; baseline 0.007 -22"><span class='ocrx_word' id='word_1_553' title='bbox 271 4683 333 4734; x_wconf 79' lang='lat' dir='ltr'><strong>baec</strong></span> <span class='ocrx_word' id='word_1_554' title='bbox 348 4683 476 4747; x_wconf 74' lang='lat' dir='ltr'><strong>cipetum</strong></span> <span class='ocrx_word' id='word_1_555' title='bbox 492 4685 555 4738; x_wconf 87' lang='lat' dir='ltr'><strong>iiA.</strong></span> <span class='ocrx_word' id='word_1_556' title='bbox 577 4712 604 4723; x_wconf 99' lang='lat'><em>-</em></span> <span class='ocrx_word' id='word_1_557' title='bbox 628 4686 669 4738; x_wconf 79' lang='lat' dir='ltr'><strong>si.</strong></span> <span class='ocrx_word' id='word_1_558' title='bbox 690 4687 764 4740; x_wconf 76' lang='lat' dir='ltr'><strong>iuis:</strong></span> <span class='ocrx_word' id='word_1_559' title='bbox 783 4690 950 4753; x_wconf 63' lang='lat' dir='ltr'><strong>:Amantium</strong></span> <span class='ocrx_word' id='word_1_560' title='bbox 965 4694 1029 4744; x_wconf 88' lang='lat' dir='ltr'><strong>iiA.</strong></span> <span class='ocrx_word' id='word_1_561' title='bbox 1050 4721 1078 4738; x_wconf 64' lang='grc' dir='ltr'><strong>-ι</strong></span> <span class='ocrx_word' id='word_1_562' title='bbox 1096 4691 1259 4756; x_wconf 64' lang='lat' dir='ltr'><strong>ordimem</strong></span> <span class='ocrx_word' id='word_1_563' title='bbox 1285 4693 1320 4743; x_wconf 71' lang='lat' dir='ltr'><strong>ii:</strong></span> <span class='ocrx_word' id='word_1_564' title='bbox 1343 4693 1481 4744; x_wconf 80' lang='lat' dir='ltr'><strong>Pisonos:</strong></span> <span class='ocrx_word' id='word_1_565' title='bbox 1507 4691 1603 4743; x_wconf 75' lang='lat' dir='ltr'><strong>arbiter</strong></span> 
     </span>
     <span class='ocr_line' id='line_1_48' title="bbox 272 4760 1603 4832; baseline 0.006 -22"><span class='ocrx_word' id='word_1_566' title='bbox 272 4770 319 4821; x_wconf 77' lang='lat' dir='ltr'><strong>ose</strong></span> <span class='ocrx_word' id='word_1_567' title='bbox 335 4763 364 4810; x_wconf 78' lang='lat' dir='ltr'><strong>tu</strong></span> <span class='ocrx_word' id='word_1_568' title='bbox 378 4760 434 4811; x_wconf 77' lang='lat' dir='ltr'><strong>Piso</strong></span> <span class='ocrx_word' id='word_1_569' title='bbox 451 4761 549 4822; x_wconf 80' lang='lat' dir='ltr'><strong>aiiii,</strong></span> <span class='ocrx_word' id='word_1_570' title='bbox 567 4761 679 4813; x_wconf 71' lang='lat' dir='ltr'><strong>noue?</strong></span> <span class='ocrx_word' id='word_1_571' title='bbox 695 4775 760 4824; x_wconf 77' lang='lat' dir='ltr'><strong>quac</strong></span> <span class='ocrx_word' id='word_1_572' title='bbox 776 4771 805 4816; x_wconf 85' lang='lat' dir='ltr'><strong>tu</strong></span> <span class='ocrx_word' id='word_1_573' title='bbox 819 4765 925 4829; x_wconf 82' lang='lat' dir='ltr'><strong>PisoA,</strong></span> <span class='ocrx_word' id='word_1_574' title='bbox 949 4767 1118 4819; x_wconf 65' lang='lat' dir='ltr'><strong>ostiariis</strong></span> <span class='ocrx_word' id='word_1_575' title='bbox 1132 4769 1187 4819; x_wconf 78' lang='lat' dir='ltr'><strong>Piso</strong></span> <span class='ocrx_word' id='word_1_576' title='bbox 1204 4767 1319 4829; x_wconf 76' lang='lat' dir='ltr'><strong>inndna,</strong></span> <span class='ocrx_word' id='word_1_577' title='bbox 1338 4765 1453 4819; x_wconf 67' lang='lat' dir='ltr'><strong>wiltu?</strong></span> <span class='ocrx_word' id='word_1_578' title='bbox 1469 4765 1549 4832; x_wconf 77' lang='lat' dir='ltr'><strong>Quia?</strong></span> <span class='ocrx_word' id='word_1_579' title='bbox 1568 4767 1603 4818; x_wconf 81' lang='lat' dir='ltr'><strong>ils</strong></span> 
     </span>
     <span class='ocr_line' id='line_1_49' title="bbox 270 4832 1600 4902; baseline 0.006 -18"><span class='ocrx_word' id='word_1_580' title='bbox 270 4833 326 4884; x_wconf 80' lang='lat' dir='ltr'><strong>Piso</strong></span> <span class='ocrx_word' id='word_1_581' title='bbox 344 4845 407 4885; x_wconf 86' lang='lat' dir='ltr'><strong>cnm</strong></span> <span class='ocrx_word' id='word_1_582' title='bbox 423 4832 518 4886; x_wconf 93' lang='lat' dir='ltr'><strong>Aldina</strong></span> <span class='ocrx_word' id='word_1_583' title='bbox 534 4833 619 4889; x_wconf 79' lang='lat' dir='ltr'><strong>Lito.</strong></span> <span class='ocrx_word' id='word_1_584' title='bbox 640 4863 667 4876; x_wconf 87' lang='lat'>-</span> <span class='ocrx_word' id='word_1_585' title='bbox 685 4839 727 4890; x_wconf 73' lang='lat'><strong>28.</strong></span> <span class='ocrx_word' id='word_1_586' title='bbox 743 4853 792 4902; x_wconf 81' lang='lat' dir='ltr'><strong>pro</strong></span> <span class='ocrx_word' id='word_1_587' title='bbox 810 4843 871 4893; x_wconf 88' lang='lat' dir='ltr'><strong>ants</strong></span> <span class='ocrx_word' id='word_1_588' title='bbox 888 4855 914 4893; x_wconf 86' lang='lat' dir='ltr'><strong>v.</strong></span> <span class='ocrx_word' id='word_1_589' title='bbox 927 4843 1014 4898; x_wconf 80' lang='lat' dir='ltr'><strong>labore</strong></span> <span class='ocrx_word' id='word_1_590' title='bbox 1029 4855 1083 4895; x_wconf 88' lang='lat' dir='ltr'><strong>om.</strong></span> <span class='ocrx_word' id='word_1_591' title='bbox 1102 4844 1223 4894; x_wconf 82' lang='lat' dir='ltr'><strong>aGliA.</strong></span> <span class='ocrx_word' id='word_1_592' title='bbox 1249 4843 1356 4895; x_wconf 86' lang='lat' dir='ltr'><strong>Addidit</strong></span> <span class='ocrx_word' id='word_1_593' title='bbox 1372 4843 1512 4895; x_wconf 82' lang='lat' dir='ltr'><strong>bisantius.</strong></span> <span class='ocrx_word' id='word_1_594' title='bbox 1530 4841 1600 4893; x_wconf 79' lang='lat' dir='ltr'><strong>Fert.</strong></span> 
     </span>
     <span class='ocr_line' id='line_1_50' title="bbox 272 4909 1600 4982; baseline 0.008 -23"><span class='ocrx_word' id='word_1_595' title='bbox 272 4921 350 4971; x_wconf 66' lang='lat' dir='ltr'><strong>opus</strong></span> <span class='ocrx_word' id='word_1_596' title='bbox 364 4913 390 4962; x_wconf 84' lang='lat' dir='ltr'><strong>et</strong></span> <span class='ocrx_word' id='word_1_597' title='bbox 404 4909 498 4961; x_wconf 75' lang='lat' dir='ltr'><strong>ladon.</strong></span> <span class='ocrx_word' id='word_1_598' title='bbox 525 4909 565 4962; x_wconf 90' lang='lat' dir='ltr'><strong>Ci.</strong></span> <span class='ocrx_word' id='word_1_599' title='bbox 583 4909 618 4961; x_wconf 89' lang='lat' dir='ltr'><strong>ad</strong></span> <span class='ocrx_word' id='word_1_600' title='bbox 634 4914 687 4964; x_wconf 90' lang='lat' dir='ltr'><strong>Att.</strong></span> <span class='ocrx_word' id='word_1_601' title='bbox 705 4914 745 4977; x_wconf 80' lang='lat' dir='ltr'><strong>lo,</strong></span> <span class='ocrx_word' id='word_1_602' title='bbox 759 4915 800 4978; x_wconf 78' lang='lat' dir='ltr'><strong>te,</strong></span> <span class='ocrx_word' id='word_1_603' title='bbox 813 4916 837 4968; x_wconf 87' lang='lat' dir='ltr'><strong>s.</strong></span> <span class='ocrx_word' id='word_1_604' title='bbox 856 4916 891 4968; x_wconf 88' lang='lat' dir='ltr'><strong>de</strong></span> <span class='ocrx_word' id='word_1_605' title='bbox 908 4918 952 4970; x_wconf 89' lang='lat' dir='ltr'><strong>Or.</strong></span> <span class='ocrx_word' id='word_1_606' title='bbox 971 4919 995 4982; x_wconf 89' lang='lat' dir='ltr'><strong>i,</strong></span> <span class='ocrx_word' id='word_1_607' title='bbox 1012 4919 1053 4982; x_wconf 79' lang='lat' dir='ltr'><strong>tt,</strong></span> <span class='ocrx_word' id='word_1_608' title='bbox 1066 4917 1123 4971; x_wconf 84' lang='lat' dir='ltr'><strong>sat.</strong></span> <span class='ocrx_word' id='word_1_609' title='bbox 1139 4945 1166 4956; x_wconf 95' lang='lat'><em>—</em></span> <span class='ocrx_word' id='word_1_610' title='bbox 1184 4919 1226 4970; x_wconf 75' lang='lat'><strong>29.</strong></span> <span class='ocrx_word' id='word_1_611' title='bbox 1244 4918 1334 4970; x_wconf 68' lang='lat' dir='ltr'><strong>stesso</strong></span> <span class='ocrx_word' id='word_1_612' title='bbox 1350 4919 1414 4982; x_wconf 78' lang='lat' dir='ltr'><strong>ati,</strong></span> <span class='ocrx_word' id='word_1_613' title='bbox 1432 4917 1462 4970; x_wconf 84' lang='lat' dir='ltr'><strong>ob</strong></span> <span class='ocrx_word' id='word_1_614' title='bbox 1478 4916 1600 4980; x_wconf 72' lang='lat' dir='ltr'><strong>manu,</strong></span> 
     </span>
     <span class='ocr_line' id='line_1_51' title="bbox 271 4981 1603 5058; baseline 0.006 -25"><span class='ocrx_word' id='word_1_615' title='bbox 271 4981 380 5034; x_wconf 66' lang='lat' dir='ltr'><strong>comm:</strong></span> <span class='ocrx_word' id='word_1_616' title='bbox 397 4986 428 5036; x_wconf 93' lang='lat' dir='ltr'><strong>A.</strong></span> <span class='ocrx_word' id='word_1_617' title='bbox 449 5009 477 5022; x_wconf 90' lang='lat'><em>-</em></span> <span class='ocrx_word' id='word_1_618' title='bbox 495 4985 536 5038; x_wconf 78' lang='grc'><strong>30.</strong></span> <span class='ocrx_word' id='word_1_619' title='bbox 555 4999 666 5040; x_wconf 82' lang='lat' dir='ltr'><strong>ccmsmo</strong></span> <span class='ocrx_word' id='word_1_620' title='bbox 683 4989 717 5053; x_wconf 94' lang='lat' dir='ltr'><strong>L,</strong></span> <span class='ocrx_word' id='word_1_621' title='bbox 739 5001 809 5043; x_wconf 81' lang='lat' dir='ltr'><strong>ceros</strong></span> <span class='ocrx_word' id='word_1_622' title='bbox 826 4993 970 5058; x_wconf 69' lang='lat' dir='ltr'><strong>Manutius,</strong></span> <span class='ocrx_word' id='word_1_623' title='bbox 993 5007 1048 5047; x_wconf 83' lang='lat' dir='ltr'><strong>roos</strong></span> <span class='ocrx_word' id='word_1_624' title='bbox 1066 4994 1209 5046; x_wconf 82' lang='lat' dir='ltr'><strong>Emestius.</strong></span> <span class='ocrx_word' id='word_1_625' title='bbox 1230 5019 1257 5032; x_wconf 88' lang='lat'><em>—</em></span> <span class='ocrx_word' id='word_1_626' title='bbox 1276 4993 1316 5046; x_wconf 79' lang='lat'><strong>3⁴.</strong></span> <span class='ocrx_word' id='word_1_627' title='bbox 1334 4994 1392 5058; x_wconf 77' lang='lat' dir='ltr'><strong>ipso</strong></span> <span class='ocrx_word' id='word_1_628' title='bbox 1408 4993 1534 5046; x_wconf 73' lang='lat' dir='ltr'><strong>uidit:</strong></span> <span class='ocrx_word' id='word_1_629' title='bbox 1552 4991 1603 5041; x_wconf 81' lang='lat' dir='ltr'><strong>ists</strong></span> 
     </span>
    </p>
   </div>
   <div class='ocr_carea' id='block_1_4' title="bbox 270 5057 1602 5191">
    <p class='ocr_par' dir='ltr' id='par_1_14' title="bbox 270 5057 1602 5191">
     <span class='ocr_line' id='line_1_52' title="bbox 270 5057 1602 5191; baseline 0.003 -78"><span class='ocrx_word' id='word_1_630' title='bbox 270 5057 435 5191; x_wconf 37' lang='lat' dir='ltr'><strong>affigi.-</strong></span> <span class='ocrx_word' id='word_1_631' title='bbox 461 5061 589 5127; x_wconf 63' lang='lat' dir='ltr'><strong>:andsto</strong></span> <span class='ocrx_word' id='word_1_632' title='bbox 605 5063 699 5129; x_wconf 75' lang='lat' dir='ltr'><strong>oili,</strong></span> <span class='ocrx_word' id='word_1_633' title='bbox 722 5065 859 5129; x_wconf 69' lang='lat' dir='ltr'><strong>permistio</strong></span> <span class='ocrx_word' id='word_1_634' title='bbox 878 5070 909 5122; x_wconf 91' lang='lat' dir='ltr'><strong>A.</strong></span> <span class='ocrx_word' id='word_1_635' title='bbox 929 5093 964 5117; x_wconf 59' lang='grc' dir='ltr'><strong>-η</strong></span> <span class='ocrx_word' id='word_1_636' title='bbox 976 5067 1017 5123; x_wconf 76' lang='lat'><strong>32.</strong></span> <span class='ocrx_word' id='word_1_637' title='bbox 1038 5069 1070 5123; x_wconf 81' lang='lat' dir='ltr'><strong>s:</strong></span> <span class='ocrx_word' id='word_1_638' title='bbox 1085 5068 1159 5132; x_wconf 79' lang='lat' dir='ltr'><strong>ssim]</strong></span> <span class='ocrx_word' id='word_1_639' title='bbox 1176 5073 1200 5122; x_wconf 82' lang='lat' dir='ltr'><strong>st</strong></span> <span class='ocrx_word' id='word_1_640' title='bbox 1215 5070 1281 5123; x_wconf 68' lang='lat' dir='ltr'><strong>assa</strong></span> <span class='ocrx_word' id='word_1_641' title='bbox 1296 5068 1418 5123; x_wconf 75' lang='lat' dir='ltr'><strong>aaut.</strong></span> <span class='ocrx_word' id='word_1_642' title='bbox 1443 5065 1602 5122; x_wconf 83' lang='lat' dir='ltr'><strong>Emendavlt</strong></span> 
     </span>
    </p>
   </div>
   <div class='ocr_carea' id='block_1_5' title="bbox 0 0 1828 5888">
    <p class='ocr_par' dir='ltr' id='par_1_15' title="bbox 0 0 1828 5888">
     <span class='ocr_line' id='line_1_53' title="bbox 0 0 1828 5888; baseline 0 0"><span class='ocrx_word' id='word_1_643' title='bbox 0 0 1828 5888; x_wconf 95' lang='lat' dir='ltr'><strong> </strong></span> 
     </span>
    </p>
   </div>
  </div>
 </body>
</html>
