3642 5868
312 383 375 452 444
674 391 717 458 ΙΝ
737 393 904 460 VERREM
923 393 1046 462 ACTIO
1069 396 1254 474 SECUNDA

311 567 432 625 sumre
454 567 616 646 equestres
637 561 798 628 inauratae
814 565 934 643 volunt,
956 587 1037 652 quae
1051 569 1159 653 populi
1173 571 1305 635 Romani
1321 570 1430 638 oeulos
1442 561 1643 660 animosque

310 658 447 722 maxime
469 656 641 732 offendunt,
663 667 790 743 propter
811 659 921 726 aedem
941 663 1097 726 Vulcanii
1136 665 1215 730 Nam
1237 665 1422 750 inscriptum
1443 689 1515 735 esse
1534 671 1629 740 rideo

310 751 467 835 quandam
488 771 530 814 ex
550 750 600 814 bis
621 758 755 818 statuam
775 763 912 819 aratores
934 755 1070 820 dedisse.
1103 757 1136 820 Si
1157 757 1286 822 bononis
1308 780 1403 829 causa
1420 769 1555 829 statuam
1574 765 1631 830 de-

309 845 438 922 derunt,
466 846 585 909 inimici
611 865 674 910 non
702 854 784 912 sunt.
829 849 997 914 Credamus
1026 850 1177 928 testibus3
1206 859 1273 916 turn
1304 855 1390 918 enirn
1419 857 1532 923 honori
1562 867 1629 937 tuo,

284 958 391 1006 onunc
411 942 475 1006 iam
495 939 641 1022 religioni
668 961 744 1006 suae
773 944 951 1009 consulunt.
994 945 1050 1008 Sin
1078 953 1184 1011 autem
1214 955 1300 1012 metu
1329 952 1430 1014 coacti
1462 951 1627 1030 dederunt,

288 1033 476 1100 ‚confiteare
497 1054 628 1100 necesse
651 1043 699 1100 est
713 1043 744 1100 te
761 1038 795 1100 in
811 1039 972 1121 provincia
986 1041 1136 1123 pecunias
1156 1049 1330 1106 statuarum
1347 1045 1474 1108 nomine
1493 1050 1627 1132 pervim

306 1147 343 1192 ac
363 1137 482 1194 metum
503 1129 653 1211 ooiigisse.
685 1130 794 1194 Utrum
813 1132 872 1195 tibi
893 1132 1093 1198 commodum
1115 1143 1172 1211 est,
1195 1136 1286 1219 elige.
1321 1138 1419 1202 LXII.
1443 1134 1514 1204 454.
1529 1143 1627 1228 Equi·

305 1223 377 1288 dem
398 1224 533 1287 libenter
552 1224 615 1290 boc
636 1227 699 1290 iam
720 1228 839 1291 crimen
860 1225 900 1291 de
922 1231 1033 1294 statuis
1054 1231 1241 1314 relinquam,
1263 1239 1298 1296 ut
1317 1233 1396 1297 mibi
1409 1240 1444 1298 tu
1459 1236 1538 1301 illud
1550 1258 1627 1302 con·

305 1317 408 1394 cedas,
431 1316 515 1402 qued
537 1318 594 1382 tibi
613 1318 869 1386 honestissimum
890 1330 949 1398 est,
970 1330 1108 1388 aratores
1131 1325 1188 1388 tibi
1210 1325 1250 1388 ad
1273 1334 1405 1398 statuam
1430 1329 1559 1396 honoris
1574 1331 1622 1395 tui

268 1432 399 1484 coenosa
418 1413 579 1477 voluntate
602 1433 659 1478 sua
680 1414 862 1480 contulisse.
882 1419 930 1484 De
950 1419 1028 1482 mibi
1049 1419 1128 1484 boc:
1151 1421 1213 1484 iam
1234 1421 1292 1484 tibi
1313 1423 1483 1489 maximam
1503 1435 1626 1509 portem

304 1508 497 1575 defensionis
517 1507 725 1591 praecideris;
747 1531 812 1574 non
833 1513 917 1576 enim
938 1513 1056 1596 poteris
1077 1519 1214 1578 aratores
1236 1515 1293 1578 tibi
1315 1518 1410 1582 iratos
1433 1538 1503 1586 esse
1527 1527 1625 1606 atque

303 1603 447 1669 inimicos
470 1602 585 1666 dicere.
619 1601 646 1666 Ο
668 1623 796 1668 eausam
816 1606 1025 1690 singularem!
1047 1627 1067 1671 o
1089 1606 1308 1673 defensionem
1329 1610 1477 1678 miseram
1498 1635 1535 1680 ao
1553 1634 1625 1699 per-

218 1679 239 1758 ’.ἶ
302 1700 415 1766 ditaml
437 1701 523 1765 nolle
543 1699 606 1764 boc
627 1700 767 1784 accipere
788 1722 878 1766 reum
899 1701 939 1766 ab
961 1709 1153 1777 accusatore,
1173 1710 1293 1766 etcum
1307 1725 1407 1780 reum,
1429 1709 1485 1790 qui
1498 1717 1627 1791 praetor

302 1794 335 1858 in
357 1793 466 1860 Sicilia
486 1795 591 1870 fuerit,
611 1801 752 1859 aratores
775 1797 805 1859 ei
825 1803 959 1860 scaram
981 1817 1039 1860 rua
1059 1798 1220 1862 voluntate
1242 1801 1408 1864 statuisse:
1430 1810 1568 1868 aratores
1584 1803 1625 1868 de

265 1903 294 1953 44
302 1910 342 1953 66
362 1893 445 1956 bene
467 1889 665 1964 existimare,
693 1891 811 1956 amicos
833 1911 920 1967 csse,
949 1891 1070 1956 salvum
1092 1892 1223 1977 cupercl
1266 1893 1395 1970 Metuit,
1422 1915 1463 1960 ne
1485 1897 1545 1960 boo
1566 1917 1622 1962 vos

303 1985 509 2060 existimetis;
532 1983 676 2047 obruitur
698 1988 782 2048 enirn
811 1992 969 2051 aratorum
999 1988 1198 2051 testimoniis.
1250 1982 1321 2052 ⁴52.
1354 1989 1428 2054 Utar
1455 2011 1508 2067 eo,
1537 1992 1622 2074 quod

302 2079 403 2148 datur.
448 2080 538 2145 Certe
559 2079 621 2143 boc
641 2080 734 2142 vobis
754 2080 799 2144 ita
824 2080 1027 2146 iudicandum
1055 2089 1119 2158 est,
1147 2103 1218 2157 eos,
1249 2083 1304 2164 qui
1334 2085 1387 2146 isti
1415 2084 1624 2150 inimicissimi

301 2184 385 2249 sunt,
406 2182 442 2239 ut
462 2177 530 2258 ipse
549 2173 724 2237 existimari
738 2174 815 2248 vult,
838 2173 878 2238 ad
891 2177 983 2240 istius
997 2176 1133 2240 honores
1148 2185 1242 2260 atque
1256 2188 1461 2244 monumenta
1473 2182 1623 2264 pecunias

299 2271 462 2335 voluntate
491 2288 549 2334 sua
579 2286 644 2330 non
673 2269 856 2334 contulisse.
899 2272 1002 2353 Atque
1031 2278 1067 2333 ut
1093 2271 1155 2335 boc
1183 2279 1284 2335 totum
1309 2271 1459 2338 facillime
1488 2273 1623 2355 intelligi

262 2366 407 2449 topoasit,
430 2384 526 2448 quem
546 2362 634 2426 voles
657 2381 768 2426 eorum
790 2364 928 2440 testium,
950 2385 1030 2448 quos
1051 2365 1241 2450 produxero,
1264 2368 1320 2451 qui
1341 2387 1382 2430 ex
1399 2366 1506 2432 Sicilia
1524 2372 1622 2430 testes

299 2469 387 2537 sunt,
417 2458 645 2546 sive-tegetum
668 2457 734 2522 sive
757 2458 899 2521 Siculum
921 2466 1030 2542 rogato
1053 2465 1086 2524 ot
1107 2480 1195 2534 eum,
1225 2460 1283 2542 qui
1304 2460 1362 2524 tibi
1385 2459 1621 2524 inimicissimus

299 2575 370 2620 esse
391 2551 565 2627 videbitur,
596 2553 650 2634 qui
673 2571 706 2615 se
730 2547 897 2637 sposratum
918 2554 1028 2618 abste
1055 2573 1124 2617 esse
1147 2553 1247 2630 dicet,
1277 2555 1391 2638 ecquid
1413 2575 1472 2618 suo
1493 2554 1620 2618 nomine

297 2649 332 2712 in
353 2655 439 2714 tuam
460 2655 596 2712 statuam
618 2646 803 2711 contulerit:
826 2648 986 2712 neminem
1000 2648 1150 2732 reperies,
1172 2647 1228 2730 qui
1244 2655 1355 2730 neget3
1378 2651 1496 2714 etenim
1511 2669 1622 2714 omnes

298 2741 463 2808 dederunt.
497 2735 569 2804 t53.
593 2739 791 2823 Quemquam
812 2739 909 2823 igitur
928 2750 1020 2824 putas
1042 2741 1268 2817 dubitaturum,
1290 2743 1369 2824 quin
1390 2743 1428 2817 is,
1450 2764 1545 2826 66646
1563 2743 1620 2807 tibi

260 2835 551 2906 minimicissimum
573 2855 644 2899 esee
666 2841 824 2919 oporteat,
853 2835 909 2917 qui
935 2835 991 2898 abs
1016 2844 1048 2899 te
1077 2836 1276 2918 gravissimas
1297 2837 1429 2900 iniurias
1451 2839 1619 2921 acceperit,

296 2931 463 3015 pecuniam
484 2937 606 2995 statuae
626 2931 754 2994 nomine
777 2928 901 2994 dederit
921 2929 953 2992 vi
974 2936 1069 3012 atque
1092 2931 1224 3013 imperio
1245 2931 1410 3008 adductus,
1431 2952 1497 2998 non
1516 2933 1620 2997 officio

295 3046 332 3090 ac
354 3024 538 3090 voluntate?
569 3024 610 3090 Et
629 3025 724 3089 buius
746 3044 805 3107 ego
822 3024 986 3108 pecuniae,
1007 3023 1140 3099 indices,
1162 3044 1243 3108 quae
1260 3044 1432 3109 permagna
1454 3033 1502 3092 est
1518 3027 1620 3110 impu·

295 3121 542 3205 deotissimeque
564 3127 672 3184 coacta
690 3119 730 3184 ab
751 3118 869 3194 inritis,
890 3137 957 3181 non
977 3119 1073 3182 babui
1090 3120 1243 3184 rationem
1260 3137 1365 3202 neque
1382 3119 1499 3186 babere
1515 3118 1616 3204 potui,

295 3223 448 3301 quantum
463 3215 501 3280 ab
516 3214 702 3289 aratoribus,
717 3222 870 3297 quantum
884 3213 923 3276 ab
938 3201 1194 3296 negotiatoribus,
1210 3214 1264 3297 qui
1276 3214 1449 3297 Syracusis,
1463 3216 1518 3300 qui
1529 3213 1619 3298 Agri-

257 3312 397 3395 togenti,
426 3310 481 3394 qui
501 3309 664 3384 Panormi,
693 3307 747 3391 qui
768 3306 911 3390 Lilybaei
932 3307 1149 3390 negotiantur,
1175 3313 1260 3372 esset
1282 3315 1445 3384 coactum,
1467 3307 1618 3392 quoniam

294 3405 470 3488 intelligitis
491 3403 590 3488 ipsius
612 3421 742 3485 quoque
764 3401 964 3466 confessione
986 3401 1025 3464 ab
1046 3401 1244 3466 invitissimis
1267 3410 1409 3466 coactam
1432 3423 1513 3466 esse.

376 3499 488 3564 Lxlll.
516 3492 588 3559 454.
616 3496 719 3562 Venio
741 3515 825 3560 nunc
846 3496 885 3560 ad
908 3495 1049 3559 civitates
1073 3495 1218 3570 Siciliae,
1252 3495 1292 3558 de
1323 3494 1439 3578 quibus
1467 3494 1617 3560 facillimo

291 3593 361 3660 lieri
382 3593 533 3658 indicium
552 3590 724 3655 voluntatis
739 3596 855 3673 potest.
887 3589 937 3652 An
954 3591 1048 3654 etiam
1064 3589 1162 3653 Siculi
1178 3590 1268 3654 inviti
1286 3589 1510 3654 contulerunt?
1546 3590 1616 3652 Non

293 3697 342 3754 est
361 3686 534 3773 probabile.
576 3686 700 3750 Etenim
723 3685 768 3748 sic
790 3684 823 3748 C.
845 3684 976 3749 Verrem
1002 3690 1181 3768 praeturam
1213 3684 1247 3748 in
1270 3683 1378 3748 Sicilia
1399 3684 1518 3766 gessise
1540 3702 1616 3747 con·

254 3791 370 3859 metat,
390 3791 437 3858 ut,
460 3802 532 3846 cum
552 3782 696 3864 utrisque
718 3777 914 3844 satisfacere
935 3798 1000 3843 non
1019 3785 1130 3862 posset
1151 3785 1183 3842 et
1204 3778 1319 3841 Siculis
1341 3784 1374 3842 et
1394 3778 1520 3861 togatis,
1543 3775 1615 3841 offi-

292 3879 334 3946 cii
354 3877 459 3963 potius
481 3877 515 3942 in
536 3876 640 3940 socios
661 3894 758 3958 quam
778 3872 958 3940 ambitionis
983 3874 1017 3936 in
1038 3873 1124 3938 eires
1145 3873 1300 3940 rationem
1321 3871 1461 3936 duxerit.
1503 3870 1614 3957 Itaque

355 4158 380 4210 4.
398 4156 545 4220 insomnium
561 4153 629 4218 egit
640 4168 676 4216 cp:
694 4155 815 4218 seriptum
831 4154 876 4206 cti.
892 4179 918 4191 -
933 4155 957 4205 t.
973 4152 1099 4204 6644464664
1115 4153 1143 4202 4.
1159 4179 1186 4190 -
1200 4153 1224 4203 6.
1239 4151 1361 4216 pecusius
1376 4149 1458 4216 Luta:
1477 4163 1530 4202 om.
1544 4147 1613 4214 ngas

289 4230 342 4284 AB
355 4231 396 4296 (ci.
410 4228 433 4296 3.
447 4231 504 4281 toa.
517 4229 597 4292 467.);
612 4229 747 4292 pecuniam
763 4227 853 4279 dito.
867 4254 894 4263 —
912 4229 937 4280 8.
955 4229 1009 4279 tom
1024 4241 1079 4279 om.
1097 4225 1166 4292 egis
1182 4239 1209 4292 p.
1223 4239 1260 4278 m.
1277 4253 1304 4265 -
1323 4228 1363 4277 44.
1382 4225 1426 4278 tibi
1442 4227 1548 4278 booertts
1563 4237 1613 4276 erse

289 4307 327 4367 bl;
345 4305 450 4356 honestis
466 4317 516 4355 ease
532 4302 600 4369 Lgli
618 4317 644 4369 p.
663 4317 699 4356 m.
721 4332 749 4342 -
767 4305 808 4354 46.
826 4301 1007 4368 mesangia
1024 4317 1050 4368 p.
1070 4316 1123 4354 m.:
1144 4301 1241 4352 sulcem
1258 4303 1418 4370 mosetto.
1439 4327 1467 4340 -·
1486 4303 1526 4352 44.
1544 4299 1613 4351 oobis

288 4384 326 4434 tto
341 4384 403 4446 ng.
422 4393 525 4443 omnes,
543 4380 607 4430 AB:
631 4379 669 4430 446
683 4377 752 4430 uobis
768 4381 813 4430 ctt.
832 4379 861 4428 0.
881 4403 909 4413 -
928 4379 969 4429 48.
994 4380 1044 4430 act
1063 4377 1132 4442 egeo
1151 4378 1180 4428 Β.
1202 4404 1231 4415 -
1245 4378 1366 4440 peremtas
1383 4377 1434 4429 aot.
1452 4390 1500 4429 auo
1515 4391 1565 4428 noo
1581 4375 1609 4429 i:

285 4457 420 4524 mutum
434 4469 486 4506 oon
499 4470 525 4506 o.
543 4468 563 4506 ι.
577 4454 624 4506 dit.
638 4455 706 4506 0.-
725 4456 766 4506 49.
784 4459 864 4505 totum
879 4453 909 4516 4,
928 4455 996 4508 Fll:
1020 4459 1117 4506 46644644
1133 4452 1182 4504 dtt.
1198 4480 1226 4491 -
1244 4453 1285 4504 49.
1304 4465 1337 4504 om
1352 4453 1405 4506 Sto.
1421 4453 1491 4517 egen
1508 4454 1533 4505 44
1550 4451 1609 4504 cod.

288 4534 363 4586 blot:
382 4545 396 4582 c
411 4531 462 4582 Sto.
480 4529 517 4590 V;
535 4531 562 4580 4ιι
578 4529 629 4580 Sic.
647 4527 697 4580 dtt.
718 4557 746 4568 -
763 4531 804 4582 44.
822 4534 879 4580 aest
895 4527 964 4594 ogia
981 4529 1016 4580 V:
1034 4530 1083 4580 stat
1099 4531 1146 4580 ott.
1165 4529 1194 4579 0.
1209 4553 1236 4564 -
1250 4533 1363 4592 togatam
1379 4529 1435 4581 Fit
1446 4527 1505 4580 cod.
1519 4527 1609 4579 Cuiac.

288 4609 344 4673 (op.
362 4608 392 4658 T.
405 4607 425 4656 1.
443 4619 470 4672 p.
484 4603 567 4666 4946.)
585 4603 618 4656 64.
638 4605 664 4670 4.
681 4603 739 4656 464.
757 4605 814 4656 466.
833 4605 883 4656 in.:
907 4611 1026 4671 rogatam
1043 4605 1111 4670 Lgii
1128 4618 1155 4671 p.
1168 4616 1222 4665 m.;
1240 4603 1318 4655 eves
1333 4605 1403 4654 liom.
1421 4603 1506 4656 VBc
1524 4601 1556 4654 el.
1575 4602 1608 4654 64.

288 4681 312 4746 fi.
326 4682 382 4732 rot.
396 4681 453 4732 466.
467 4681 535 4740 ert.;
552 4681 691 4731 flomoason
707 4682 743 4740 Ας
761 4681 811 4732 slve
827 4684 941 4745 aquaso
955 4681 1055 4734 valiso.
1074 4683 1166 4732 contra
1182 4678 1260 4732 codd.
1280 4679 1336 4732 iere
1353 4691 1455 4731 omnes.
1471 4705 1498 4714 -
1511 4679 1552 4730 44.
1566 4676 1612 4727 obs

286 4761 310 4808 te
325 4755 384 4809 lF:
404 4759 460 4808 ote
476 4753 524 4806 dtt.
538 4756 575 4815 0;
594 4755 691 4806 om.V.
708 4781 736 4792 -
754 4767 805 4806 mse
820 4754 1053 4820 coungttsav:
1072 4770 1127 4808 om.
1145 4757 1190 4808 644.
1209 4757 1238 4808 0.
1259 4779 1287 4794 -·
1305 4754 1404 4807 444444
1423 4754 1494 4805 isim.
1511 4753 1543 4805 V.
1562 4755 1607 4804 ott.

288 4832 357 4883 noti:
374 4831 445 4882 94464.
458 4829 502 4882 4444
519 4829 567 4882 (444.
581 4830 643 4882 0.-
657 4842 702 4892 ops
712 4830 776 4879 44-
794 4844 847 4882 oce.
860 4830 938 4882 mter.
950 4832 1028 4896 ngas.
1038 4859 1065 4870 -
1084 4833 1125 4884 47.
1138 4836 1212 4895 otqaee
1222 4830 1271 4882 ool.
1284 4830 1362 4894 Lara.
1372 4857 1400 4868 —-
1413 4834 1437 4880 et
1447 4841 1500 4880 om.
1513 4829 1544 4879 V.
1558 4827 1609 4892 [Sic

286 4907 340 4958 lam
353 4908 373 4959 L
385 4905 504 4972 optime]
517 4931 545 4942 -
556 4905 598 4957 48.
617 4903 649 4955 ob
665 4905 772 4956 9444444644
783 4905 851 4970 igit
862 4920 889 4972 p.
902 4921 972 4958 m.-
989 4909 1030 4959 49,
1049 4923 1067 4959 o
1076 4913 1156 4972 negot.
1169 4907 1200 4958 V.
1219 4909 1257 4959 sic
1269 4907 1294 4971 5.
1304 4907 1360 4958 468.
1376 4933 1404 4944 -
1422 4905 1464 4956 39.
1476 4903 1609 4954 Ponbomei

286 4982 309 5034 V
325 4984 352 5033 et
368 4981 445 5047 4349.
463 5007 491 5018 -
509 4981 551 5032 34.
568 4980 744 5032 mimiambos
759 4980 827 5045 Lata
844 4994 871 5047 p.
890 4995 926 5034 m.
944 4982 1029 5035 iladv.
1048 4982 1129 5047 Epist.
1147 4981 1182 5032 ed
1199 4980 1277 5033 orell.
1295 4995 1322 5047 p.
1338 4981 1380 5033 99.
1398 4981 1437 5032 sic
1454 4977 1605 5042 distinguit:

286 5062 409 5109 66664664.
429 5055 673 5122 ouum-ae,
697 5057 768 5107 conio
788 5069 855 5108 aure
871 5071 932 5123 sqq.
952 5083 980 5094 -
1003 5057 1043 5110 33.
1059 5058 1117 5123 pen·
1136 5057 1189 5108 tad.
1207 5056 1289 5122 rges:
1312 5055 1364 5108 iud.
1385 5055 1442 5122 pera·
1463 5057 1509 5106 644.
1527 5053 1556 5104 0.
1577 5077 1605 5088 -

286 5131 328 5188 34.
342 5137 488 5199 praem
503 5129 573 5198 4444
589 5143 617 5200 p.
633 5143 686 5195 ms
703 5131 751 5186 aa.
769 5131 802 5186 V.
816 5157 843 5172 -
862 5133 902 5186 34.
921 5133 988 5200 offici
1003 5131 1034 5187 V.
1054 5159 1083 5172 -
1100 5132 1141 5186 34.
1159 5133 1220 5186 citit
1235 5131 1258 5187 V
1274 5133 1303 5184 ct
1317 5130 1396 5198 igit.
1408 5155 1437 5171 -
1453 5125 1603 5184 ranV.
