3684 5862
663 423 736 490 cn.
758 423 902 491 rv-r.
930 421 985 510 §a
1008 420 1164 492 le-ar.
1558 422 1578 489 e

259 594 412 670 Naevius,
434 593 595 662 bominem
617 596 725 660 multis
746 597 851 660 verbis
873 597 1027 672 deterret,
1049 614 1090 659 ne
1111 597 1328 662 auctionetur:
1351 617 1424 662 eum
1446 619 1511 663 non
1533 600 1579 662 ita

258 689 423 754 commode
445 711 540 773 posse
561 712 600 755 eo
621 700 780 776 tempore,
810 711 892 776 quae
913 692 1169 774 proscripsisset,
1191 692 1345 768 vendere;
1375 694 1494 756 Romae
1517 693 1578 756 sibi

255 803 458 848 nummorum
479 785 661 850 facultatem
683 807 769 862 esse,
798 807 911 870 quam,
940 787 967 849 si
990 793 1128 868 saperet,
1158 806 1359 850 communem
1381 787 1579 850 existimaret

254 898 313 962 pro
333 877 471 942 fraterna
492 879 547 943 illa
568 881 804 945 necessitudine
826 889 859 943 ct
879 900 938 963 pro
960 880 1060 962 ipsius
1083 879 1253 943 affinitate:
1282 901 1356 944 nam
1378 883 1411 944 P.
1435 881 1577 957 Quinctii

254 973 476 1038 consobrinam
497 973 593 1039 babet
614 976 648 1038 in
670 976 871 1038 matrimonio
894 974 1032 1038 Naevius
1055 981 1086 1036 et
1100 995 1140 1036 ex
1156 994 1193 1037 ea
1208 974 1335 1038 liberos.
1368 974 1467 1051 Quia,
1490 975 1578 1059 quod
1601 985 1616 1032 s

253 1068 357 1130 virum
371 1069 490 1132 bonum
504 1070 611 1134 iacere
624 1070 804 1153 oportebat,
828 1069 860 1131 id
873 1069 1067 1152 loquebatur
1080 1069 1234 1145 Naevius,
1257 1070 1392 1134 credidit
1407 1067 1577 1145 Quinctius

253 1183 340 1238 eum,
364 1164 419 1246 qui
440 1165 618 1233 orationem
641 1166 796 1228 bonorum
819 1163 1013 1237 inniteretur,
1035 1162 1117 1225 iacta
1139 1183 1269 1248 quoque
1287 1165 1500 1228 imitaturum:
1522 1181 1579 1225 au·

252 1258 390 1321 ctionem
410 1258 492 1323 velle
510 1259 616 1323 iacere
639 1259 780 1332 desistit,
802 1259 934 1322 Romam
950 1253 1177 1340 proficiscitur;
1200 1258 1326 1322 decedit
1342 1279 1383 1322 ex
1402 1258 1503 1322 Gallia
1515 1258 1578 1320 lio·

251 1373 334 1417 mam
356 1353 451 1416 simul
472 1355 620 1418 Naevius.
665 1350 715 1416 l7.
745 1354 822 1416 Cum
850 1353 1020 1436 pecuniam
1043 1351 1076 1414 C.
1100 1352 1268 1428 Quinctius
1290 1357 1323 1418 P.
1346 1353 1501 1436 Scapulae
1523 1353 1578 1416 de-

250 1543 398 1606 solveret.
429 1543 499 1629 lloc
521 1562 559 1605 eo
582 1550 692 1626 perte
714 1543 881 1626 agebatur,
904 1542 992 1625 quod
1014 1547 1145 1624 propter
1166 1543 1318 1606 aerariam
1335 1544 1492 1607 rationem
1510 1561 1577 1606 non

250 1638 327 1701 satis
355 1643 422 1700 erat
448 1636 482 1698 in
514 1637 631 1699 tabulis
660 1635 855 1720 inspexisse,
884 1642 1037 1718 quantum
1068 1635 1256 1711 deberetur,
1284 1637 1345 1700 nisi
1374 1637 1414 1701 ad
1438 1636 1576 1700 Castoris

251 1732 448 1816 quaesisses,
480 1738 635 1814 quantum
657 1732 840 1794 solveretur.
883 1729 1010 1792 Decidis
1032 1730 1209 1813 statuisque
1231 1737 1266 1793 tu
1286 1739 1417 1815 propter
1437 1730 1577 1794 necessi·

250 1825 410 1898 tudinem,
435 1843 519 1908 quae
540 1825 597 1887 tibi
621 1845 692 1888 eum
715 1823 859 1907 Scapulis
882 1831 947 1897 est,
975 1824 1052 1907 quid
1075 1825 1115 1886 iis
1137 1825 1177 1886 ad
1200 1825 1366 1888 denarium
1388 1825 1574 1889 solveretur.

250 1921 288 1984 V.
311 1913 361 1978 l8.
383 1917 470 1980 llaec
492 1919 600 1980 omnia
616 1919 784 1994 Quinctius
806 1919 919 2002 agebat
939 1927 1068 1982 auctore
1090 1926 1123 1982 et
1144 1939 1337 1983 consuasore
1351 1920 1481 1984 Naevio.
1508 1923 1612 1986 Nece

251 2013 382 2087 mirum,
411 2013 437 2075 si
461 2013 528 2076 eius
550 2013 696 2077 utebatur
718 2013 868 2087 consilio,
891 2013 982 2076 cuius
1004 2013 1162 2076 auxilium
1184 2013 1245 2076 sibi
1266 2019 1412 2098 paratum
1432 2015 1573 2097 putabat.

249 2111 320 2173 Non
342 2109 437 2172 modo
460 2107 544 2172 enim
565 2107 726 2191 pollicitus
750 2115 816 2170 erat
831 2108 865 2170 in
880 2107 993 2181 Gallia,
1016 2107 1072 2171 sed
1090 2110 1209 2172 Romae
1225 2108 1386 2192 quotidie,
1409 2109 1504 2172 simul
1526 2115 1574 2172 at-

250 2222 313 2291 que
334 2203 396 2267 sibi
417 2203 470 2267 bic
484 2204 663 2279 annuisset,
685 2211 923 2267 numeraturum
946 2223 980 2268 se
1002 2205 1136 2268 dicebat.
1168 2203 1337 2279 Quinctius
1358 2223 1457 2287 porro
1477 2205 1573 2268 istum

246 2320 342 2386 posse
363 2298 467 2361 iacere
489 2297 632 2374 videbat,
655 2299 770 2363 debere
785 2299 998 2386 intelligebam
1021 2298 1163 2372 mentiri,
1186 2298 1263 2382 quia
1278 2317 1391 2373 causa,
1414 2317 1471 2361 eur
1485 2317 1574 2361 men·

247 2396 374 2468 tiretur,
396 2411 461 2454 non
484 2399 565 2466 erat,
587 2412 652 2455 uon
674 2394 815 2476 putabat.
859 2393 959 2469 Quasi
982 2392 1068 2456 domi
1091 2412 1238 2456 nummos
1259 2392 1409 2468 baberet,
1430 2392 1475 2458 ita
1497 2411 1610 2458 con-so

246 2489 349 2555 stituit
371 2486 515 2570 Scapulis
538 2507 572 2549 se
595 2488 751 2550 daturum.
794 2488 947 2551 Naevium
970 2487 1137 2551 certiorem
1158 2487 1253 2562 iacit;
1281 2494 1389 2569 rogat,
1411 2494 1448 2551 ut
1469 2496 1572 2564 curet,

247 2586 334 2670 quod
357 2583 500 2646 dixisset.
544 2576 595 2644 ie.
619 2583 699 2644 Tum
720 2583 780 2645 iste
800 2582 851 2645 vir
871 2581 1010 2664 optimus
1034 2578 1171 2664 (vereor,
1194 2601 1235 2645 ne
1255 2601 1289 2644 se
1311 2582 1450 2645 derideri
1471 2590 1572 2667 putet,

246 2681 333 2766 quod
356 2679 471 2741 iterum
492 2677 556 2739 iam
578 2676 668 2750 dico,
691 2676 857 2759 optimus),
886 2679 941 2762 qui
962 2676 1049 2741 bunc
1069 2678 1103 2740 in
1125 2697 1263 2742 summas
1285 2677 1448 2760 angirstias
1470 2679 1572 2742 addu-

245 2786 330 2844 ctum
352 2778 495 2857 putaret,
522 2776 559 2834 ut
587 2790 660 2834 eum
682 2770 748 2833 suis
770 2772 1011 2835 condicionibus
1033 2773 1160 2855 inipso
1183 2772 1319 2836 articulo
1340 2773 1493 2855 temporis
1516 2772 1571 2836 ad·

245 2870 428 2952 stringeret,
451 2885 555 2930 assem
578 2885 648 2929 sese
669 2873 765 2949 negat
785 2867 948 2942 daturum,
971 2867 1033 2930 nisi
1056 2868 1145 2952 prius
1160 2869 1199 2931 de
1217 2868 1312 2932 rebus
1326 2868 1607 2954 rationibusqueso

244 2963 405 3030 societatis
428 2961 575 3025 omuibus
597 2961 768 3025 decidisset
788 2968 820 3025 et
841 2964 968 3037 scisset,
992 2964 1052 3026 sibi
1075 2984 1146 3026 cum
1160 2963 1311 3040 Quinctio
1333 2965 1568 3030 controversiae

244 3059 325 3124 nibil
346 3058 498 3121 futurum.
542 3057 719 3131 Posterius,
741 3058 859 3141 inquit,
882 3058 943 3120 ista
964 3057 1158 3133 videbimus,
1182 3057 1369 3134 Quinctius:
1399 3078 1485 3122 nunc
1506 3057 1568 3122 boc

243 3155 340 3219 velim
356 3172 460 3226 eures,
480 3151 506 3214 si
520 3151 578 3214 tibi
595 3151 735 3226 videtur,
760 3151 846 3235 quod
861 3151 982 3216 dixisti.
1011 3154 1112 3237 Negat
1128 3173 1162 3216 se
1178 3151 1240 3216 alia
1253 3151 1377 3216 ratione
1392 3151 1567 3230 facturum

244 3249 331 3335 quod
352 3247 570 3330 promisisset,
592 3267 657 3309 non
678 3247 751 3328 plus
774 3265 831 3308 sua
852 3246 986 3322 referre,
1011 3266 1107 3329 quam
1129 3247 1172 3320 si,
1197 3266 1268 3309 cum
1289 3248 1470 3310 auctionem
1490 3267 1568 3311 ven-

243 3343 349 3415 deret,
372 3339 493 3403 dominl
508 3339 596 3403 iussu
611 3340 776 3424 quidpiam
791 3339 998 3421 promisisset.
1030 3339 1081 3404 20.
1104 3341 1317 3404 Destitutione
1332 3339 1388 3406 illa
1401 3342 1603 3426 perculsusut

244 3435 413 3514 Quinctius
435 3455 453 3498 a
476 3434 619 3519 Scapulis
641 3453 761 3518 paucos
784 3433 852 3496 dies
875 3431 993 3510 aufert;
1015 3434 1048 3496 in
1070 3433 1203 3498 Galliam
1225 3435 1336 3509 mittit,
1358 3443 1461 3511 utcu,
1485 3456 1567 3520 quae

243 3530 487 3617 proscripserat,
509 3531 670 3604 venirent;
700 3528 857 3594 deteriore
881 3534 1022 3610 tempore
1044 3529 1157 3592 ubsern
1179 3530 1397 3606 auctionatum
1420 3530 1565 3613 Scapulis

243 3623 420 3689 difficiliore
443 3624 631 3687 condicione
653 3623 808 3687 dissolvit.
844 3625 933 3685 Tunc
954 3623 1094 3706 appellat
1114 3624 1198 3686 ultro
1220 3624 1389 3701 Naevium,
1410 3631 1462 3700 ut,
1485 3645 1566 3708 quo·

242 3719 327 3784 niam
356 3719 570 3801 suspicaretur
600 3719 708 3803 aliqua
736 3718 775 3779 de
804 3736 839 3779 re
860 3717 928 3779 fore
951 3717 1215 3793 controversiam,
1243 3719 1379 3794 videret,
1410 3723 1565 3803 utquam

241 3815 378 3898 primum
401 3819 433 3876 et
455 3833 550 3897 quam
572 3812 703 3875 minima
725 3833 797 3875 curn
819 3811 964 3876 molestia
985 3819 1053 3876 tota
1074 3832 1124 3875 res
1146 3805 1381 3897 transigeretur.
1422 3801 1601 3898 almetas

242 3910 301 4004 iste
316 3910 453 3975 amicum
467 3909 509 3972 bl.
525 3907 735 3981 Trebellium,
757 3926 816 4006 ¹¹2⁸
834 3926 1034 3972 communem
1048 3906 1277 4017 necessarium)
1300 3907 1356 3993 qui
1371 3908 1463 3974 istius
1477 3895 1567 3972 delini
1605 3992 1611 4006 .
1648 3919 1740 3989 m

306 4169 331 4220 i.
349 4167 513 4218 caseata.
529 4165 607 4231 poue]
625 4167 782 4217 camois.
798 4172 956 4230 poeste·
975 4169 1000 4218 i.
1019 4169 1092 4234 qous]
1110 4182 1158 4232 quo
1175 4167 1561 4234 noahcdighlklmn.

242 4243 279 4296 ci.
299 4244 324 4309 5.
341 4243 383 4294 20.
404 4267 432 4278 -
450 4240 475 4292 i.
495 4240 568 4291 niort
584 4255 633 4304 pro
648 4242 760 4304 ipsorum
775 4246 837 4307 offa
856 4256 908 4307 mg.
927 4243 953 4297 S.
974 4271 1001 4281 -
1020 4246 1045 4296 ’1.
1063 4245 1187 4296 rationem
1203 4247 1232 4296 A.
1253 4271 1289 4280 --
1300 4245 1324 4296 8.
1341 4247 1426 4312 seem
1441 4247 1503 4297 usito
1519 4247 1564 4297 de-

239 4321 300 4370 stitit
315 4320 341 4370 ir.
361 4345 390 4356 -
408 4315 458 4368 sel.
476 4317 591 4368 decedit·
609 4331 661 4382 mg.
676 4317 702 4371 8.
722 4343 750 4354 -
769 4319 799 4370 G.
817 4319 892 4370 amul
908 4321 1012 4370 limeum
1029 4333 1044 4370 e
1062 4321 1089 4370 et
1104 4321 1135 4370 A.
1152 4345 1180 4355 -
1200 4319 1239 4369 40.
1258 4321 1319 4382 quid
1334 4333 1397 4372 nos:
1419 4321 1485 4383 quoe
1501 4324 1563 4370 bum

241 4393 377 4446 codicibus
393 4392 462 4444 notis
478 4392 592 4446 Abeo.
618 4393 657 4444 ci.
677 4407 702 4444 v.
722 4392 761 4446 tl.
782 4421 810 4430 -
838 4395 877 4445 ia.
896 4395 991 4445 debeo
1006 4395 1032 4444 k.
1053 4421 1080 4431 -
1099 4396 1133 4445 od
1149 4393 1265 4458 emmiu]
1282 4408 1300 4445 o
1316 4395 1564 4458 quassationem

239 4469 300 4524 Ait
321 4467 378 4533 (sal.
402 4469 436 4519 ud
452 4469 581 4520 Cmtmta»
598 4480 651 4531 mg.
670 4468 709 4533 0),
735 4470 769 4519 od
791 4473 933 4532 quaemus
953 4470 983 4532 A,
1007 4469 1042 4518 od
1064 4471 1201 4533 quaestoris
1216 4471 1333 4534 termitem
1350 4485 1380 4534 e,
1403 4471 1438 4522 od
1454 4469 1564 4522 Castoris

240 4543 356 4606 tenplum
367 4547 400 4607 G,
419 4546 453 4595 od
470 4543 571 4596 Caenia
586 4543 729 4595 Arusianus
746 4545 823 4597 bleso.
842 4557 869 4610 p.
882 4545 938 4595 iit.
953 4544 1072 4596 Lindem.
1098 4543 1136 4596 cl.
1150 4544 1269 4596 Niebuhr
1279 4547 1319 4597 Kt.
1332 4547 1404 4598 Scir.
1417 4559 1444 4612 p.
1456 4546 1505 4597 ita
1519 4558 1560 4610 sq.

240 4621 312 4671 ilarii
327 4619 389 4670 Ver.
407 4621 490 4670 Lectt.
508 4621 528 4670 1.
547 4631 574 4684 p.
593 4619 649 4671 tbi.
670 4646 698 4658 -
722 4620 762 4671 ia.
782 4621 916 4684 quaesiues
931 4633 993 4670 curn
1009 4620 1157 4670 Hotomano
1174 4621 1333 4672 Arusianus:
1353 4621 1484 4685 quaesisset
1500 4633 1561 4671 cum

240 4695 375 4746 Ciceronis
392 4694 465 4746 libris
481 4695 595 4748 Anao.
617 4721 644 4730 —
663 4695 762 4746 Decidis
773 4721 813 4734 -·
824 4721 838 4734 -
851 4696 986 4746 solveretur
1002 4707 1055 4744 om.
1068 4695 1094 4744 k.
1114 4721 1142 4731 —
1162 4695 1202 4746 ⁴8.
1220 4695 1266 4760 sibi
1282 4708 1335 4747 om.
1354 4698 1386 4758 113
1404 4697 1443 4746 bic
1460 4707 1512 4746 om.
1526 4696 1560 4754 ὓς

238 4769 285 4820 stit
300 4770 340 4819 bic
351 4781 403 4820 om.
416 4769 496 4821 Pelet.
509 4771 546 4832 7.;
566 4775 640 4833 etque
655 4770 702 4820 sibi
716 4771 819 4822 isicem
834 4769 914 4821 Patet.
928 4771 951 4820 6.
967 4797 994 4807 -
1012 4770 1131 4820 iussisset
1149 4767 1371 4824 ereclamantibus
1387 4769 1460 4822 libris
1475 4769 1562 4818 omni-

239 4843 308 4896 bus»
323 4845 352 4894 l..
375 4843 414 4894 Cl.
432 4847 498 4896 Non.
515 4847 596 4906 ¹blare.
616 4857 642 4910 p.
661 4845 718 4897 iau.
739 4871 760 4885 -
785 4846 826 4896 si.
844 4845 951 4908 Scupute
966 4846 992 4895 k.
1012 4873 1040 4882 -
1058 4859 1083 4896 se
1100 4857 1154 4897 om.
1174 4845 1199 4899 8.
1220 4871 1249 4884 ·-
1267 4847 1308 4898 bi.
1328 4847 1397 4912 Tum]
1414 4855 1472 4898 ein
1487 4842 1562 4895 bcd

240 4919 316 4983 egi,
339 4923 422 4968 mea
438 4921 468 4971 (i.
488 4947 516 4958 -
538 4921 579 4972 ²3.
598 4921 729 4971 deductm
745 4919 770 4970 ir.
791 4947 818 4958 -
840 4920 882 4972 ai.
898 4923 968 4984 pidet
984 4933 1008 4971 e.
1028 4949 1057 4958 -
1079 4921 1121 4972 bd.
1140 4923 1252 4974 uocibus
1268 4922 1390 4974 coactetis
1406 4933 1421 4970 e
1438 4919 1465 4968 et
1480 4920 1511 4970 A.
1532 4947 1560 4956 -

238 4993 280 5044 27.
298 4994 428 5044 wopau
445 5009 474 5057 e,
491 4996 603 5046 edemus
618 4996 645 5048 d.
666 5024 693 5034 -
711 4996 752 5048 29.
766 4995 832 5061 ptus]
851 4996 930 5047 niort.
945 4995 1041 5060 pluris»
1060 5007 1113 5059 mg.
1133 4996 1158 5049 8.
1180 5021 1207 5032 -
1226 4997 1340 5047 oucibus
1356 4995 1386 5055 k,
1404 4994 1433 5043 te
1447 4994 1562 5046 auctione

239 5070 267 5120 1..
287 5069 325 5121 ci.
342 5069 416 5122 illota
426 5069 559 5121 Adnotatt.
572 5071 614 5121 ed.
632 5084 672 5137 pr.
691 5083 717 5136 p.
731 5071 788 5122 bii.
809 5097 836 5108 -
855 5071 897 5123 30.
915 5069 963 5122 «sl.
978 5083 1124 5134 munus»
1144 5083 1197 5136 mg.
1216 5071 1242 5125 0..
1263 5098 1291 5109 -
1313 5070 1353 5122 06.
1372 5067 1489 5134 omium]
1510 5067 1559 5123 sal.

239 5143 379 5198 abiman»
396 5157 450 5211 mg.
469 5143 496 5198 8.
516 5171 544 5182 -
560 5147 597 5198 li.
616 5145 767 5214 rastellum]
785 5147 808 5199 ei
823 5146 964 5200 trebeittom
979 5147 1009 5212 k,
1026 5147 1056 5200 A.
1076 5147 1220 5201 nowen
1237 5149 1266 5200 G.
