3644 5874
604 473 676 538 Car.
697 474 847 539 v-sill.
873 473 929 558 53.
951 471 1078 538 9-45.
1306 419 1310 432 =
1421 474 1476 542 'ili

173 664 288 728 magno
303 644 483 710 adiumento
496 643 530 706 in
544 643 707 727 periculis,
730 645 841 708 solatio
855 647 889 708 in
902 644 1077 720 laboribus,
1093 643 1292 727 gratulationi
1306 645 1339 708 in
1353 647 1484 711 victoria

172 740 242 804 iuit.
277 741 317 802 Et
338 743 364 803 si
384 739 479 802 habet
499 739 573 801 Asia
594 739 805 822 suspicionem
826 739 969 803 luxuriae
991 738 1165 823 quandam,
1186 759 1251 802 non
1265 740 1371 803 Asiam
1392 761 1483 803 num·

173 854 270 918 quam
291 832 428 908 vidisse,
449 832 505 896 sed
528 834 560 896 in
582 833 656 896 Asia
678 834 875 897 continenter
895 835 1012 898 vixisse
1033 832 1224 896 laudandum
1240 842 1296 897 est
1326 835 1428 911 Quam
1443 836 1482 898 ob

170 949 236 992 rem
258 949 321 992 non
343 930 437 992 Asiae
459 946 573 991 nomen
595 927 808 991 obiiciendum
828 930 979 991 Murenae
999 926 1074 1002 fuit,
1089 919 1142 991 (ex
1163 947 1226 1011 qua
1246 928 1314 992 laus
1336 928 1483 1004 familiae,

170 1023 322 1086 memoria
343 1023 466 1104 generi,
488 1021 590 1085 honos
613 1029 645 1084 et
665 1021 763 1104 gloria
785 1022 905 1084 nomini
928 1023 1098 1094 constituta
1119 1015 1186 1112 est)
1206 1022 1262 1086 sed
1279 1021 1408 1106 aliquod
1430 1031 1507 1086 auto
1614 1036 1640 1071 '1

169 1119 202 1179 in
230 1117 304 1181 Asia
331 1122 513 1198 susceptum
543 1123 595 1178 aut
620 1135 661 1178 ex
682 1117 754 1204 Asia
776 1114 974 1199 deportatum
996 1116 1149 1200 flagitium
1171 1136 1208 1181 ac
1229 1114 1377 1179 dedecus.
1420 1118 1485 1179 Me-
1562 1098 1664 1165 V*

169 1212 271 1275 ruisse
290 1230 365 1273 vero
387 1208 544 1291 stipendia
565 1212 599 1273 in
621 1229 658 1272 eo
679 1209 778 1284 bello,
801 1209 886 1294 quod
909 1217 974 1273 tum
989 1210 1125 1293 populus
1139 1211 1298 1274 Romanus
1312 1230 1376 1272 non
1390 1210 1484 1274 modo

171 1305 351 1378 maximum,
373 1303 429 1366 sed
453 1299 569 1386 [etiam]
594 1303 693 1366 solum
710 1303 847 1385 gerebat,
870 1304 1004 1378 virtutis,
1025 1311 1113 1386 patre
1134 1304 1323 1386 imperatore
1343 1303 1486 1367 libentis-

170 1398 250 1460 sime
272 1398 424 1460 meruisse
438 1397 578 1480 pietatis,
600 1394 693 1460 linem
708 1398 937 1479 stipendiorum
952 1398 1049 1480 patris
1064 1399 1228 1462 victoriam
1242 1418 1278 1460 ac
1292 1399 1484 1482 triumphum

169 1488 268 1554 luisse
289 1489 449 1553 felicitatis
469 1491 538 1554 soit.
570 1490 737 1555 Maledicte
760 1492 889 1576 quidem
910 1492 1027 1556 idcirco
1049 1492 1130 1555 nihil
1151 1493 1185 1556 in
1206 1493 1293 1555 hisce
1308 1493 1400 1556 rebus
1422 1493 1483 1555 loci
1498 1503 1524 1548 40

170 1593 235 1659 est,
256 1583 341 1669 quod
363 1586 469 1648 omnia
491 1586 559 1648 lans
581 1587 755 1669 occuparit.
1411 1608 1415 1620 ·

252 1681 305 1742 vt.
328 1675 378 1741 43.
407 1679 592 1742 Saltatorem
619 1680 756 1762 appellat
778 1682 812 1743 L.
834 1681 996 1745 Murenam
1020 1680 1105 1744 Cato.
1149 1680 1350 1745 Maledictum
1372 1688 1436 1755 est,
1459 1681 1486 1743 si

171 1791 244 1835 vere
266 1772 431 1848 obiicitur,
452 1773 647 1836 vehementis
669 1774 876 1837 accusatoris:
905 1775 953 1836 sin
973 1774 1070 1847 salso,
1092 1773 1237 1836 maledici
1261 1774 1486 1838 convitiatoris.

171 1866 275 1942 Quare
298 1888 368 1930 cum
389 1868 449 1929 ista
471 1867 514 1929 sis
537 1865 739 1942 auctoritate,
762 1887 824 1930 non
848 1866 961 1942 debes,
983 1870 1103 1942 Marce,
1126 1869 1263 1952 arripere
1286 1867 1486 1931 maledictum

171 1981 212 2024 ex
245 1959 336 2025 trivio
367 1967 423 2024 ant
450 1981 491 2024 ex
518 1981 694 2025 scurrarum
724 1962 831 2046 aliquo
857 1963 1013 2038 convitio,
1046 1983 1151 2046 neque
1179 1971 1297 2026 temere
1325 1963 1486 2027 consulem
1496 1969 1524 2016 ⁴⁵

170 2055 281 2138 populi
303 2056 435 2118 Romani
457 2055 637 2120 saltatorem
659 2075 790 2130 vocare,
820 2055 875 2120 sed
898 2057 1153 2140 circumspicere,
1182 2056 1297 2138 quibem
1325 2064 1488 2142 praeterea

170 2149 256 2212 vitiis
278 2151 424 2214 affectum
448 2169 516 2212 esse
539 2169 667 2213 neeesse
689 2150 731 2213 sit
753 2171 842 2225 eum,
865 2151 915 2213 cui
931 2170 1004 2214 vere
1027 2149 1112 2214 istud
1134 2149 1229 2215 obiici
1249 2151 1361 2234 possit
1388 2153 1487 2214 Nemo

171 2242 256 2306 enim
276 2241 343 2305 fere
366 2244 458 2306 saltat
479 2243 619 2319 sobrius,
647 2244 709 2307 nisi
735 2243 816 2308 forte
845 2245 978 2321 insanit,
1007 2265 1111 2328 neque
1136 2246 1170 2307 in
1192 2244 1362 2309 solitudine
1383 2264 1488 2330 neque

55 2379 57 2382 -
171 2337 205 2399 in
227 2337 371 2402 convivio
393 2338 555 2400 moderato
578 2346 672 2422 atque
693 2338 836 2402 honesto.
880 2339 1073 2421 Tempestivi
1093 2339 1246 2414 convivii,
1269 2342 1395 2405 amoeni
1414 2340 1488 2414 looi,

171 2431 338 2495 multarum
368 2431 550 2495 deliciamm
576 2453 682 2496 comes
704 2439 752 2496 est
773 2441 913 2497 extrema
935 2433 1068 2496 saltatio.
1112 2435 1160 2495 Tu
1181 2433 1258 2497 mihi
1280 2436 1390 2520 arripis
1410 2434 1525 2510 hocas

171 2524 254 2607 quod
269 2544 399 2589 necesse
415 2533 462 2589 est
477 2527 618 2590 omnium
632 2525 778 2590 vitiomm
795 2547 864 2590 esse
882 2535 1089 2610 postremum:
1112 2527 1267 2612 relinquis
1281 2528 1351 2604 illa,
1373 2530 1488 2614 quibus

170 2619 300 2682 remotis
327 2619 388 2682 hoc
414 2621 525 2684 vitium
547 2621 675 2683 omnino
699 2641 853 2684 essenon
875 2630 989 2704 potest.
1012 2620 1158 2706 (Nullum
1180 2629 1271 2705 turpe
1293 2624 1488 2698 convivium,

170 2731 237 2774 non
257 2733 362 2787 arnor,
385 2734 448 2778 non
463 2715 657 2790 comissatio,
681 2735 745 2778 non
767 2715 881 2791 libido,
902 2735 968 2778 non
983 2721 1126 2797 sumptus
1148 2716 1339 2798 ostenditur)
1363 2719 1488 2780 Etcum

173 2825 210 2870 ea
231 2827 295 2870 non
316 2808 531 2891 reperiantur,
553 2828 635 2892 quac
657 2808 826 2890 voluptatis
848 2830 964 2872 nomen
985 2808 1104 2872 hahent
1120 2829 1264 2894 quaeque
1279 2812 1392 2875 vitiosa
1406 2819 1489 2887 sunt,

171 2902 205 2962 in
233 2923 297 2985 quo
327 2904 427 2986 ipsam
448 2903 607 2966 luxuriam
629 2904 767 2986 reperire
790 2925 853 2968 non
874 2911 981 2989 potes,
1014 2904 1046 2965 in
1071 2923 1108 2966 eo
1130 2913 1162 2968 te
1182 2904 1325 2968 umbram
1347 2906 1526 2969 luxuriaeue
1553 2903 1555 2912 ’

172 3005 369 3078 reperturum
402 3001 517 3078 putas‘l
561 2992 611 3058 ll.
641 2998 726 3060 Nihil
754 2998 851 3080 igitur
874 2999 908 3060 in
929 2998 1025 3061 vitam
1047 2999 1081 3058 L.
1104 3000 1253 3062 Murenae
1275 2999 1338 3062 dici
1359 2999 1489 3081 potest?

170 3091 275 3166 Nihil,
298 3093 445 3176 inquam,
467 3090 616 3165 omnino,
638 3091 770 3153 iudices.
804 3092 855 3154 Sic
877 3111 961 3154 ame
976 3092 1086 3154 consul
1102 3091 1285 3175 designatus
1300 3091 1490 3167 detenditur,

157 3178 206 3257 (ut
228 3185 296 3248 eius
319 3184 407 3248 nulla
427 3184 529 3259 fraus,
553 3185 640 3247 nulla
660 3185 807 3259 avaritia,
829 3185 917 3248 nulla
938 3185 1085 3267 perfidia,
1108 3185 1195 3248 nulla
1214 3185 1399 3261 crudelitas,
1421 3185 1490 3248 nul-

171 3277 238 3341 lum
267 3278 412 3363 petulans
436 3279 553 3342 dictum
584 3275 628 3361 [in
650 3274 725 3360 vita]
749 3277 942 3362 proferatur)
978 3281 1063 3342 Bene
1084 3279 1196 3342 hahet:
1223 3281 1305 3343 iacta
1326 3288 1399 3343 sunt
1418 3279 1490 3341 iun-

172 3371 318 3436 damenta
331 3371 536 3435 detensionis.
567 3372 715 3438 Nondum
738 3371 822 3435 enim
840 3373 954 3436 nostris
970 3372 1134 3448 laudibus,
1157 3373 1272 3457 quibus
1287 3379 1358 3436 utar
1371 3380 1526 3458 postea,ao

172 3465 228 3529 sed
257 3484 355 3549 prope
384 3466 581 3530 inimicorum
610 3467 810 3529 confessione
832 3467 933 3530 virum
956 3466 1075 3529 bonum
1096 3473 1190 3550 atque
1213 3467 1369 3549 integrum
1389 3466 1490 3528 homi-

172 3580 245 3624 nem
267 3558 474 3623 defendimus.
504 3559 575 3634 Quo
598 3562 769 3625 constituto
790 3560 913 3624 facilior
928 3569 976 3626 est
989 3560 1067 3623 mihi
1083 3560 1187 3624 aditus
1201 3561 1240 3624 ad
1256 3563 1490 3626 contentionem

173 3654 352 3736 dignitatis,
375 3672 456 3737 quae
477 3672 551 3737 pars
572 3654 753 3718 alterascit
774 3656 994 3719 accusationis.

256 3747 323 3811 vn.
346 3742 396 3809 ⁴5.
420 3747 579 3812 Summam
602 3748 695 3812 video
717 3769 787 3811 esse
808 3749 840 3811 in
863 3757 912 3824 te,
935 3749 1023 3812 Servi
1039 3747 1175 3831 Sulpici,
1198 3749 1382 3831 dignitatem
1396 3769 1490 3831 gene·

172 3840 231 3916 ris,
251 3839 454 3923 integritatis,
475 3841 647 3908 industriae
669 3843 908 3927 ceterorumque
923 3849 1179 3907 ommnentorum
1194 3844 1350 3918 omnium,
1375 3844 1527 3927 quibusas

237 4131 261 4180 2.
280 4129 437 4193 mepitioeem
453 4130 538 4180 EGv.
553 4157 580 4166 -
598 4145 649 4181 coc
665 4132 746 4182 oriem
762 4133 821 4182 dam
836 4146 887 4182 coc
903 4133 955 4182 mie
970 4145 1059 4183 comen
1075 4130 1169 4182 mediis
1187 4143 1240 4181 om.
1254 4133 1283 4182 G.
1302 4160 1328 4169 -
1347 4135 1371 4184 e.
1384 4139 1420 4184 eet
1435 4147 1488 4184 om.

175 4208 202 4255 G.
222 4231 249 4242 -
268 4207 293 4258 8.
311 4207 387 4258 etiam
403 4219 456 4257 om.
476 4209 505 4257 G.
525 4233 552 4242 -
572 4207 727 4258 libentissimo
743 4213 779 4272 ψ.
800 4234 827 4244 -
847 4209 887 4258 40.
905 4208 1121 4278 eitiom.l1.—
1142 4207 1181 4258 m.
1200 4207 1319 4270 appellat]
1335 4207 1491 4259 adduntrv

172 4279 259 4342 404440,
277 4281 354 4343 st
369 4282 443 4346 sake.
458 4306 485 4318 -
504 4283 540 4332 Μ.
554 4281 615 4332 Coto
631 4296 656 4332 v.
672 4307 698 4318 -
719 4283 759 4332 43.
776 4296 835 4333 cero
847 4285 877 4333 G.
891 4309 917 4318 -
936 4281 1105 4334 coevitictoeis
1121 4282 1153 4332 E:
1172 4282 1346 4333 cocceiatoeis
1360 4282 1446 4346 vulgo.
1462 4310 1487 4318 -

175 4353 214 4404 44.
232 4355 319 4406 neree
334 4355 458 4418 ECHS,
477 4358 554 4420 lagg.
573 4360 680 4423 praeter
697 4357 712 4407 9
730 4361 757 4408 et
772 4359 817 4409 ta:
836 4373 922 4410 cicere
938 4361 972 4420 G,
990 4361 1089 4408 inerte
1103 4372 1134 4420 v,
1152 4359 1213 4408 ccci
1230 4360 1291 4422 Lag.
1310 4357 1355 4418 43,
1377 4359 1412 4408 u.
1432 4357 1492 4408 Coto

174 4430 234 4493 Lug.
253 4430 281 4495 9,
299 4432 362 4484 ΜΟ.
382 4433 425 4497 (Μ.
439 4433 512 4493 Gcto,
530 4446 579 4482 coc
596 4433 665 4483 detes
680 4434 721 4496 L.)
740 4460 766 4469 -
789 4435 914 4497 cwipere
930 4448 958 4493 χ.
979 4460 1006 4470 -
1025 4433 1331 4484 maledictam--temere
1347 4445 1400 4482 om.
1418 4432 1446 4482 Ε.
1462 4456 1488 4465 -

174 4506 214 4555 444.
227 4512 272 4557 cat
287 4509 328 4570 ea]
346 4520 379 4558 ec
395 4519 448 4557 om.
467 4508 547 4566 Τχν.
562 4533 588 4542 -
609 4507 706 4557 comitio
723 4509 744 4556 G
761 4509 892 4570 (ortumne
910 4522 942 4559 ex
959 4508 1102 4571 conciliet);
1120 4508 1270 4560 conviciet..
1285 4537 1312 4545 -
1333 4509 1371 4558 46.
1384 4507 1492 4558 cirmm-

173 4579 265 4642 meere
282 4583 302 4632 G
319 4583 347 4632 et
363 4585 421 4632 Por.
439 4580 470 4643 4,
492 4583 520 4631 ut
538 4581 689 4632 Gulielmius
707 4584 832 4634 coniecit:
859 4584 998 4647 conspicere
1014 4582 1070 4634 rell.
1089 4585 1146 4634 Lo.
1159 4610 1184 4619 -
1205 4583 1245 4634 ti:
1264 4583 1315 4646 eds.
1333 4581 1391 4632 EG.
1406 4607 1432 4616 -
1451 4593 1493 4630 ce·

174 4667 237 4707 cesse
253 4669 306 4708 om.
325 4660 354 4709 G.
380 4682 407 4694 -
432 4669 488 4708 mem
504 4657 547 4720 qai
564 4659 592 4706 G.
619 4685 646 4694 -
673 4658 713 4711 48.
730 4660 783 4722 sere
800 4673 852 4710 om.
872 4660 901 4710 E.
922 4684 949 4695 -
973 4659 1084 4708 insaniet
1099 4659 1153 4709 Tu.
1173 4685 1199 4694 -
1228 4659 1268 4708 49.
1287 4657 1420 4719 tempestivi
1436 4657 1490 4716 Gv,

174 4733 234 4796 Lag.
253 4734 293 4786 40.
312 4735 353 4786 ta.
371 4735 412 4784 aa.
431 4734 477 4796 05,
501 4735 559 4784 Par.
577 4732 606 4784 t:
633 4735 794 4796 intempestivi
811 4735 878 4795 nrt,
897 4732 952 4785 rell.
972 4735 1063 4797 legg,
1085 4734 1181 4784 tiOxx.
1201 4760 1228 4769 -
1247 4733 1288 4784 00.
1306 4733 1337 4781 eit
1353 4745 1379 4780 v.
1399 4757 1425 4765 —
1448 4729 1493 4779 too

174 4807 241 4867 mei,
260 4808 355 4874 cre:
373 4807 400 4858 id
415 4808 477 4859 edd.
491 4834 519 4845 -
537 4807 578 4859 23.
597 4811 738 4860 amassetis
755 4809 903 4861 aurire.
919 4833 946 4846 -
965 4810 1005 4861 34.
1025 4823 1140 4872 quaeqae
1156 4823 1185 4873 v,
1204 4821 1349 4873 quaequam
1365 4808 1491 4870 auxo.

176 4906 203 4915 -
221 4881 270 4930 aiot
285 4895 311 4932 v.
332 4908 360 4919 -
377 4883 418 4932 25.
434 4887 512 4945 potest
528 4884 557 4932 G.
576 4909 603 4920 -
622 4884 663 4933 26.
681 4885 735 4934 cito
751 4885 840 4947 Εψν.
857 4913 884 4922 -
902 4886 943 4936 27.
962 4885 1053 4935 iudicio
1070 4885 1135 4946 mei,
1153 4877 1244 4936 sorr.
1261 4913 1287 4922 -
1306 4885 1397 4948 denigo
1409 4881 1494 4932 coeat

175 4965 199 5001 v.
220 4979 246 4988 -
265 4955 307 5006 38.
324 4961 352 5006 ct
367 4957 395 5006 ic
411 4957 463 5007 eim
477 4957 531 5007 cita
546 4959 617 5008 cutte
632 4960 664 5021 G,
684 4960 729 5023 qui
746 4959 842 5010 deinde
858 4974 885 5011 v.
897 4961 938 5010 29.
952 4961 979 5010 ic
994 4959 1047 5010 cita
1062 4960 1165 5011 omittit.
1179 4986 1208 4997 -
1226 4961 1296 5010 vectio
1312 4969 1385 5010 coar.
1400 4970 1453 5009 om.
1466 4971 1494 5030 v.

178 5049 204 5058 -
221 5027 263 5078 00.
282 5041 324 5081 vv.
341 5031 368 5080 io
383 5032 437 5082 otte
447 5033 567 5083 Ernestio
584 5036 692 5085 auctore
709 5037 739 5086 ut
755 5036 878 5100 suspecta
895 5033 997 5086 inclusi.
1013 5061 1040 5071 -
1059 5035 1099 5086 30.
1118 5035 1191 5102 mim]
1209 5036 1236 5086 ic
1247 5037 1276 5084 G.
1292 5062 1318 5072 -
1336 5035 1428 5085 nostris
1438 5045 1491 5082 om.

177 5101 208 5150 ll.
228 5114 254 5134 —·
273 5104 314 5154 34.
332 5105 374 5156 sed
390 5119 443 5158 om.
462 5111 491 5158 G.
511 5135 539 5144 -
557 5110 745 5174 integerrimae
759 5111 818 5161 EG.
840 5139 867 5147 -
886 5111 927 5163 32.
944 5109 1069 5174 faciliores
1083 5110 1144 5161 miii
1161 5113 1190 5162 G.
1212 5138 1238 5147 -
1258 5108 1298 5161 34.
1316 5111 1342 5158 in
1359 5115 1381 5159 ro
1397 5120 1446 5158 esse
1461 5120 1491 5165 v;

176 5177 196 5227 E
212 5177 240 5227 to
256 5181 278 5228 te
294 5181 354 5232 ante
371 5181 458 5249 digreit.
475 5181 566 5236 habet.
581 5211 608 5222 ·-
627 5183 699 5236 Serui
715 5184 784 5236 mei:
803 5184 857 5236 Ser.
871 5185 900 5236 0.

218 5268 394 5327 umora
1266 5275 1308 5342 ee
