3578 5862
512 461 586 529 cs».
608 461 891 530 xxvv-xxvu.
917 459 974 547 §a
996 457 1139 528 sr-rs.
1420 455 1484 528 eae

162 655 225 700 nos
246 633 393 720 periculi,
419 634 528 719 quanti
549 635 611 718 ipsi
632 635 747 710 velint,
776 635 962 698 decemviris
983 634 1116 698 tradant.
1152 633 1256 720 Atque
1276 631 1340 698 hoe
1359 653 1483 700 maman

99 741 110 758 ·
160 729 217 794 hio
237 729 381 794 aibunus
402 729 503 813 plebis
525 749 588 793 non
610 729 716 804 vobis,
738 728 794 792 sed
817 729 877 792 sihi
897 730 982 792 intus
1004 729 1098 792 oanit.
1134 727 1184 792 69.
1206 729 1311 794 Habet
1330 749 1484 804 socerum,

161 823 264 886 mmm
275 823 458 920 optimum,
481 822 536 907 qui
557 829 678 887 tantum
700 824 764 905 agri
786 823 819 886 in
841 821 905 886 illis
927 823 972 886 rei
995 822 1140 906 publicae
1156 822 1294 888 tenebris
1308 823 1484 905 occupavit,

160 921 315 998 quammn
345 917 533 1000 concupivit.
575 916 658 979 Huic
688 916 856 980 subvenire
886 917 953 980 vult
974 917 1196 1006 ¹succumbenti
1224 917 1287 980 iam
1314 923 1346 979 et
1372 935 1484 999 presso

161 1007 304 1071 Sullanis
326 1010 474 1073 oneribus
497 1010 673 1092 gratissima
700 1009 788 1092 lege,
814 1017 849 1073 ut
870 1009 963 1072 liceat
983 1010 1030 1073 illi
1052 1009 1202 1075 invidiam
1224 1009 1400 1094 deponere,
1429 1013 1509 1092 pel

160 1103 289 1165 cuniam
310 1102 457 1166 condere.
500 1104 541 1166 Et
561 1123 617 1168 vos
640 1123 705 1165 non
727 1102 893 1176 dubitatis,
923 1103 1002 1186 quin
1023 1103 1188 1186 vectigalia
1209 1109 1313 1168 vestra
1332 1104 1485 1180 vendatis,

160 1196 298 1280 plurimo
326 1197 479 1261 maiorum
508 1203 682 1261 vestrorum
711 1197 863 1279 sanguine
894 1204 927 1260 et
954 1193 1069 1258 sudore
1092 1195 1253 1280 quaesita,
1281 1205 1318 1260 ut
1339 1197 1485 1262 Sullanos

157 1308 360 1374 possessores
375 1290 495 1353 divitiis
511 1291 669 1372 augeatis,
692 1289 834 1373 periculo
850 1289 1011 1354 liberetis?
1042 1287 1093 1351 70.
1106 1290 1186 1353 llam
1201 1289 1241 1353 ad
1256 1291 1338 1355 hane
1352 1292 1486 1375 emptio·

159 1403 235 1448 nem
259 1382 499 1447 decemviralem
520 1384 584 1446 duo
599 1403 714 1466 genera
728 1403 876 1466 agrorum
896 1389 1055 1466 spectant,
1079 1382 1228 1458 Quirites.
1258 1383 1375 1448 liorum
1388 1403 1486 1448 unum

159 1485 292 1562 propter
318 1477 469 1542 invidiam
501 1479 620 1542 domini
642 1477 784 1560 lugiunt,
816 1478 949 1541 altanum
971 1483 1098 1561 pmpter
1118 1477 1304 1541 vastitatem.
1339 1477 1486 1542 Sullanus
1495 1484 1523 1530 ⁴⁰

160 1591 238 1656 ager
264 1590 284 1635 a
311 1572 405 1635 certis
430 1571 610 1635 hominibus
641 1570 793 1634 latissime
824 1571 1024 1633 continuatus
1060 1578 1178 1634 tantam
1204 1570 1300 1634 habet
1326 1566 1486 1646 invidiam,

159 1675 198 1730 ut
218 1666 285 1730 veri
307 1685 343 1729 ao
365 1665 455 1729 sortis
478 1665 595 1728 tribuni
617 1665 719 1750 plebis
741 1663 910 1727 stridorem
932 1683 1030 1726 unum
1052 1662 1190 1747 perleme
1204 1683 1270 1727 non
1284 1664 1393 1748 possit.
1427 1663 1487 1726 llio

160 1781 238 1843 ager
259 1760 376 1835 omnis,
399 1779 531 1843 quoquo
552 1760 654 1842 pretio
677 1764 840 1840 coemptus
863 1758 939 1832 erit,
974 1765 1077 1821 tamen
1100 1759 1219 1840 ingenti
1239 1757 1375 1842 pecunia
1396 1758 1487 1822 nobis

161 1854 339 1918 inducetur.
360 1853 502 1917 Alterum
517 1871 616 1935 genus
631 1871 793 1934 agrorum,
814 1860 943 1935 propter
958 1851 1154 1915 sterilitatem
1168 1851 1338 1927 incultum,
1360 1857 1488 1936 propter

161 1949 376 2032 pestilentiam
397 1954 522 2011 vastum
543 1955 638 2030 atque
661 1947 837 2021 desertum,
859 1953 980 2009 emetur
1001 1945 1041 2009 ab
1062 1945 1120 2020 iis,
1143 1945 1198 2028 qui
1221 1965 1276 2010 eos
1297 1945 1407 2009 vident
1427 1944 1525 2010 sibi⁴⁵

162 2063 252 2118 asse,
275 2042 302 2106 si
323 2063 388 2106 non
410 2041 627 2115 vendiderint,
649 2039 886 2125 relinquendos.
921 2040 961 2102 Et
975 2038 1122 2101 nimirum
1137 2038 1170 2102 id
1185 2047 1249 2114 est,
1272 2037 1357 2124 quod
1373 2039 1412 2103 ab
1426 2039 1488 2103 hoo

162 2137 289 2200 tribuno
316 2135 418 2219 plebis
440 2134 558 2199 dictum
581 2134 683 2197 estin
707 2140 836 2209 senatu,
857 2132 1008 2196 arbanam
1031 2131 1154 2216 plebem
1174 2133 1305 2196 nimium
1321 2133 1355 2196 in
1373 2152 1408 2196 re
1431 2153 1488 2217 pu·

106 2289 111 2298 .
161 2231 245 2294 blica
260 2248 373 2314 posse,
397 2227 710 2292 exhauriendam
733 2246 840 2290 esse:
861 2226 923 2289 hoe
938 2226 1023 2289 enim
1037 2225 1134 2289 verbo
1149 2232 1198 2289 est
1219 2245 1310 2301 usus,
1333 2227 1424 2311 quasi
1446 2225 1487 2290 de

162 2325 270 2408 aliqua
291 2323 416 2386 sentina
438 2343 474 2387 ae
495 2341 561 2385 non
584 2321 623 2384 de
646 2321 836 2406 optimorum
859 2319 975 2384 civium
997 2337 1112 2402 genere
1133 2318 1327 2403 loqueretur.
1357 2319 1487 2387 XXVII.

161 2413 214 2480 7l.
236 2417 301 2480 Vos
323 2435 416 2490 vero,
438 2415 596 2491 Quirites,
618 2417 645 2479 si
668 2433 717 2478 me
739 2414 849 2477 audire
863 2415 977 2489 vultis,
997 2414 1131 2477 retinete
1149 2415 1241 2478 istam
1255 2414 1526 2498 possessionema

161 2511 296 2595 gratiae,
318 2510 491 2584 libertatis,
513 2509 750 2592 suffragiorum,
781 2507 957 2592 dignitatis,
980 2506 1084 2581 urbis,
1109 2507 1187 2582 lori,
1209 2507 1371 2583 ludunum,
1391 2507 1489 2571 festo-

160 2627 232 2669 rum
255 2605 396 2678 dierum,
419 2610 595 2686 ceterorum
610 2603 751 2666 omnium
768 2599 1018 2674 commodorum,
1040 2600 1100 2662 nisi
1113 2599 1194 2664 forte
1208 2601 1355 2665 mavultis
1369 2599 1488 2666 relictis

161 2699 212 2788 ¹35⁸
235 2699 331 2762 rebus
353 2705 449 2781 atque
470 2697 529 2786 hac
551 2696 622 2758 luce
644 2697 690 2760 rei
712 2695 858 2778 publicae
881 2695 914 2756 in
937 2693 1101 2776 Sipontina
1124 2693 1265 2758 sioeitate
1279 2704 1334 2759 aut
1352 2697 1386 2759 in
1401 2696 1489 2760 Sala·

159 2795 308 2880 pinorum
329 2791 528 2876 pestilentiae
549 2789 664 2854 finibus
686 2789 779 2852 Rullo
801 2788 881 2852 duco
904 2786 1062 2852 collocari.
1098 2788 1140 2849 At
1166 2786 1266 2864 dicat,
1294 2809 1375 2874 quos
1396 2809 1488 2874 agros

162 2895 323 2971 omptume
350 2885 405 2960 sit;
435 2882 595 2958 ostendat,
625 2892 657 2947 et
685 2883 763 2967 quid
793 2890 824 2946 et
845 2883 959 2966 quibus
982 2881 1112 2944 damnus
1135 2881 1185 2944 sit.
1229 2882 1269 2946 lIt
1294 2903 1387 2960 vero,
1416 2901 1525 2952 eume

1598 793 1629 916 d

162 3001 269 3064 omues
291 2979 403 3054 urbes,
432 2998 541 3063 agros,
570 2977 752 3060 vectigalia,
783 2995 879 3061 regna
898 2973 1093 3050 vendiderit,
1114 2981 1181 3038 tum
1202 2994 1330 3041 menam
1350 2979 1489 3072 alifflltm
1605 2984 1615 3058 ζ

161 3083 216 3139 aut
237 3072 370 3158 paludes
393 3079 492 3146 emat,
513 3071 546 3134 id
561 3090 620 3134 vos
641 3072 791 3154 potestis,
815 3089 950 3155 quaeso,
971 3068 1169 3132 concederet
1192 3068 1391 3154 Quamquam
1408 3066 1488 3135 illud

163 3175 211 3231 est
232 3166 408 3249 egregium,
431 3163 518 3248 quod
541 3164 601 3228 hac
622 3165 693 3247 lege
713 3173 786 3228 ante
808 3166 914 3227 omnia
935 3170 1090 3237 veneunt,
1112 3169 1185 3226 ante
1201 3165 1356 3246 pecuniae
1370 3184 1489 3248 cogam-

163 3266 214 3323 tur
235 3267 268 3322 et
290 3265 530 3332 coacervantur,
552 3275 647 3340 quam
669 3258 760 3340 gleba
782 3278 846 3322 una
867 3264 999 3320 ematur.
1027 3255 1148 3320 Deinde
1170 3257 1232 3320 emi
1254 3258 1358 3333 iubet,
1380 3258 1420 3323 ab
1440 3259 1488 3320 in·

162 3355 226 3418 vito
239 3361 333 3416 vetat
369 3348 419 3412 73.
438 3350 581 3427 Quaero,
611 3351 638 3413 si
660 3353 714 3435 qui
730 3352 830 3415 velint
850 3349 986 3416 vendere
1009 3363 1074 3416 non
1096 3352 1230 3430 suerint,
1257 3355 1331 3439 quid
1353 3355 1524 3440 pecunioso

166 3443 244 3511 fieta
276 3445 404 3510 lieferre
431 3446 465 3507 in
493 3444 650 3508 aerarium
678 3445 730 3506 lex
752 3450 853 3518 vetat,
884 3445 969 3528 exigi
995 3446 1152 3529 prohibet.
1195 3447 1294 3531 Igitur
1320 3449 1488 3532 pecuniam

167 3561 291 3605 omnem
304 3539 482 3604 'decemviri
503 3539 671 3614 tenebunt,
693 3538 782 3602 vobis
803 3557 879 3621 agar
899 3558 963 3602 non
982 3548 1112 3604 emetur.
1146 3542 1356 3625 vestigalibus
1371 3541 1489 3606 abalie-

162 3635 262 3711 natis,
284 3633 377 3698 sociis
398 3633 535 3708 vexatis,
557 3633 685 3717 regibus
707 3634 972 3718 atqueomnihus
993 3635 1139 3718 gentibus
1155 3636 1341 3714 exinanitis,
1362 3635 1411 3700 illi
1432 3657 1488 3722 pe·

163 3729 271 3794 eunias
300 3726 477 3802 habebunt,
507 3747 563 3792 vos
593 3746 686 3812 agros
714 3726 965 3792 nonhabebitis.
1002 3729 1119 3806 Facile,
1150 3729 1271 3814 inquit,
1293 3727 1489 3795 adducentin

162 3823 316 3909 pecuniae
345 3820 577 3903 magnitudine,
607 3827 643 3884 ut
663 3822 762 3886 velint
782 3821 931 3886 vendere.
966 3823 1050 3906 Ergo
1073 3843 1110 3886 ea
1131 3825 1184 3887 lex
1206 3830 1270 3900 est,
1299 3844 1362 3910 qua
1382 3832 1525 3890 nostnaas
1607 3869 1611 3908 ,

163 3918 336 3983 vendamus
359 3917 469 3998 quanti
489 3916 666 4000 possimus,
692 3915 798 3980 aliena
820 3936 960 3980 emamus
984 3907 1315 4002 quanti'possessoros
1335 3917 1445 3982 velint.

246 4007 297 4074 73.
319 4013 424 4094 Atque
451 4010 485 4073 in
511 4010 571 4074 hos
601 4029 710 4094 agros,
741 4009 797 4093 qui
819 4009 878 4074 hae
900 4009 969 4092 lege
991 4011 1089 4094 empti
1111 4012 1189 4087 sint,
1217 4011 1355 4076 eolonias
1376 4011 1416 4076 als
1436 4012 1487 4077 his

228 4337 254 4390 l.
272 4344 394 4403 etpreseo
411 4337 544 4390 Halmius:
562 4351 678 4402 opressa
694 4339 780 4399 EFP3
798 4351 914 4402 oppresso
929 4336 1021 4399 seo;
1039 4344 1114 4401 atqve
1129 4351 1244 4402 oppresso
1259 4340 1288 4390 1..
1303 4363 1329 4378 ··
1349 4340 1375 4390 3.
1392 4339 1488 4404 protis·

162 4427 235 4466 neno
250 4414 383 4467 Halmius:
401 4414 477 4478 provi
491 4425 539 4463 savo
555 4411 700 4473 ΕΡΔ3Ος
720 4414 840 4478 matos
854 4427 902 4464 soso
918 4415 950 4473 l.;
974 4418 1051 4478 proto
1067 4427 1115 4464 savo
1132 4413 1268 4466 Gebhardt
1282 4413 1300 4464 l.
1318 4412 1335 4465 l.
1353 4414 1396 4466 lll.
1414 4415 1486 4479 pao

164 4503 223 4555 sqq.
243 4517 271 4528 -
290 4489 315 4540 6.
333 4493 357 4540 st
371 4500 415 4539 vos
431 4487 550 4538 dotmtts
566 4489 609 4551 ost
624 4503 649 4540 o.
667 4502 691 4538 o.
710 4491 822 4540 amomis
838 4491 869 4548 ἢ
895 4490 929 4540 Et
943 4501 987 4540 vos
1003 4489 1133 4552 dudm,
1151 4490 1212 4552 qaia
1226 4503 1251 4540 o.
1267 4503 1294 4541 o.
1310 4502 1361 4540 soa
1375 4489 1488 4540 vendatis

162 4565 190 4616 L.
210 4592 238 4603 -
256 4565 281 4616 7,
298 4564 447 4626 vedretum]
464 4567 575 4614 uestram
586 4563 605 4614 E
616 4565 642 4614 F.
657 4591 685 4600 -
705 4565 745 4617 li.
762 4567 941 4629 possessas.
960 4565 1273 4630 Emendavitsmgerius
1290 4567 1317 4618 in
1328 4565 1372 4617 ed.
1384 4563 1484 4618 Aldine.

164 4667 191 4677 -
209 4639 250 4690 43.
269 4645 365 4703 meaa
381 4640 410 4690 E.
430 4665 457 4676 -
476 4639 546 4689 sodis
562 4639 654 4690 EFA:
671 4639 739 4690 volsa
755 4652 817 4690 oum
835 4639 878 4690 ed.
894 4640 996 4690 luntina
1013 4637 1095 4691 LtO.
1114 4666 1142 4676 -
1160 4642 1201 4692 43.
1219 4654 1260 4692 eos
1274 4641 1358 4692 oldest
1373 4639 1427 4704 sibl]
1444 4639 1487 4689 oi-

163 4715 219 4765 deot
233 4727 274 4765 sos
287 4715 334 4764 eidi
350 4727 391 4765 eos
407 4714 436 4764 E.
451 4739 478 4750 -
497 4715 539 4764 ld.
557 4715 722 4765 wadidsrmtt
738 4716 793 4766 FP.
806 4741 833 4752 -
852 4716 878 4766 ld
894 4713 1009 4766 lilotzlus
1027 4715 1078 4779 (ed.
1091 4716 1156 4781 pr.):
1173 4716 1239 4768 ι’ἀοηι
1254 4716 1345 4776 ΕΡΡς
1362 4715 1390 4766 id
1403 4717 1487 4778 ipsum

161 4791 192 4848 T;
210 4789 276 4839 istud
290 4786 405 4842 Alto.
422 4813 449 4824 -
468 4788 508 4839 l8.
526 4789 599 4840 verbo
616 4801 669 4841 om.
684 4791 797 4842 EFPA.
816 4789 923 4842 Addidit
933 4793 1087 4856 Her-vegius.
1103 4819 1130 4830 -
1149 4792 1190 4842 49.
1208 4791 1249 4857 oe]
1265 4797 1289 4842 el
1305 4793 1375 4842 1².-
1393 4791 1434 4842 20.
1446 4803 1487 4842 re·

161 4866 238 4915 tinae
253 4864 282 4914 E.
298 4889 325 4900 -
344 4865 386 4914 22.
404 4863 451 4913 tiis
465 4864 558 4915 relatis
572 4865 645 4917 redte
661 4867 694 4925 ῖς
720 4866 758 4916 tte
772 4865 845 4917 redte
860 4867 954 4918 reliam
968 4868 997 4917 T.
1018 4893 1044 4904 -
1063 4867 1104 4918 23.
1122 4867 1253 4930 ommino
1267 4867 1356 4925 EFP;
1380 4865 1487 4929 postiae

162 4941 231 4991 T.-
250 4940 406 5002 salpinae-um
422 4936 531 4991 svnt.
553 4965 580 4976 -
607 4939 648 4992 al.
665 4941 705 5004 Aa]
722 4947 750 4991 ot
765 4942 830 5000 siF;
856 4947 902 4992 aot
918 4941 1066 4993 Turnebus.
1090 4969 1118 4978 —
1144 4942 1186 4992 26.
1203 4942 1325 4993 ammom
1341 4942 1427 4994 EFA.
1454 4967 1482 4978 ·-

161 5015 201 5065 28.
222 5015 336 5081 omousi]
358 5015 488 5066 minant
509 5019 538 5066 G.
559 5042 586 5052 -
605 5017 645 5067 30.
665 5017 775 5079 paremio
796 5016 915 5071 aaut:
940 5016 1060 5080 poemiae
1080 5017 1171 5077 EFO;
1194 5018 1299 5081 perseo
1323 5016 1377 5080 (sio)
1400 5019 1430 5068 P.
1455 5044 1483 5055 -

162 5089 201 5140 3l.
214 5091 257 5155 flet
271 5095 296 5142 et
309 5090 405 5154 referre
414 5091 434 5140 E
443 5091 527 5142 FPA.
546 5090 704 5142 Emendavit
713 5091 768 5142 Nic.
781 5090 913 5154 Angelius.
929 5114 960 5128 -
975 5091 1015 5143 33.
1034 5092 1145 5144 mdiu
1156 5104 1209 5144 om.
1222 5092 1248 5144 F.
1264 5117 1291 5128 -
1304 5089 1345 5144 sl.
1357 5091 1485 5144 adduam·

162 5170 203 5216 tar
219 5165 275 5219 EF.
294 5191 322 5206 ·-
341 5164 383 5218 37.
400 5171 458 5218 navt
473 5167 502 5218 li.
517 5191 544 5206 ·-
562 5166 600 5220 his
616 5167 648 5218 F:
666 5167 698 5218 ils
714 5166 806 5220 ceteri.
829 5165 868 5219 Cl.
885 5179 912 5234 p.
930 5165 987 5220 630.
1006 5180 1032 5218 v.
1050 5167 1074 5218 7.
