3610 5860
856 723 942 789 r

792 779 1044 954 Aa(

728 1106 771 1198 n.
798 1106 939 1198 uum
965 1107 1193 1202 elisaeus

339 1335 829 1426 deerrante
879 1338 1036 1428 nso
1083 1273 1559 1428 resonuisse

745 1567 864 1636 QUAE
899 1566 1169 1626 SUPERSUNT.

860 1773 1063 1826 RECOGNOVlT

666 1949 933 2014 GAROLUS
964 1951 1254 2016 fluimus·

874 2199 1042 2212 *-

738 2402 919 2464 NOTARUM
939 2404 1178 2464 EXPLICATIO.

299 2543 318 2592 P
337 2567 362 2587 .—.
379 2536 566 2602 Palimpsestus
582 2535 736 2598 Vaticanus,
764 2536 826 2588 olim
847 2537 979 2589 Palatinus
996 2537 1094 2599 xxiv,
1119 2552 1149 2588 ex
1168 2549 1220 2602 qno
1238 2538 1388 2588 Nisnuasrus
1405 2537 1454 2587 tria
1471 2535 1618 2600 fragmenta

381 2613 504 2664 orationis
522 2611 571 2674 isi·
590 2610 672 2674 4-6.)
690 2612 788 2662 Romae
805 2626 829 2662 a.
849 2612 922 2662 ⁴820.
940 2613 1040 2676 primus
1058 2612 1147 2663 edidit.

299 2692 321 2741 V
340 2705 362 2724 τ’
383 2687 466 2738 codex
482 2686 690 2743 vetustissimus,
705 2687 750 2748 qui
767 2685 792 2735 in
804 2684 932 2736 tabulario
943 2685 1068 2738 basilicae
1079 2688 1219 2738 vaticanae
1231 2689 1390 2738 asservatur.
1409 2690 1483 2740 Hunc
1495 2688 1617 2739 codicem

380 2764 441 2827 post
457 2763 586 2812 Faernum
603 2761 698 2810 iterum
716 2759 882 2811 contulerunt
899 2763 1055 2812 Generosius
1075 2765 1102 2812 et
1120 2765 1280 2813 Niannnnrus.
1306 2763 1391 2826 Atque
1409 2765 1538 2815 Garatonii
1555 2765 1616 2828 qui-

379 2839 442 2889 dem
459 2835 626 2887 collationem
644 2849 676 2886 ex
693 2837 750 2887 eius
766 2836 872 2888 schedis
889 2835 993 2886 ineditis
1010 2848 1079 2900 quae
1091 2839 1230 2887 Ravennae
1243 2833 1441 2888 exstant'lrcno'
1453 2840 1616 2890 Moanssmus

380 2915 405 2964 in
423 2924 501 2963 usum
518 2913 638 2961 nostrum
656 2910 804 2975 descripsit.
837 2908 979 2961 collatione
996 2913 1086 2962 aulem
1103 2911 1280 2963 liiebubrinna
1298 2910 1338 2962 illa
1356 2915 1397 2963 usi
1413 2925 1519 2976 sumus,
1545 2929 1614 2978 quae

380 2991 464 3040 exstat
485 2989 512 3038 in
535 2985 656 3051 exemplo
677 2986 798 3038 editionis
820 2987 1024 3049 Garatonianae,
1052 2987 1124 3051 quod
1142 2988 1181 3037 vir
1199 3000 1321 3040 summus
1337 2988 1506 3051 possederat,
1533 2991 1615 3054 ipsius

379 3077 460 3116 manu
477 3076 510 3113 ex
527 3060 620 3113 codice
638 3061 781 3128 descripte,
801 3066 827 3112 et
844 3061 983 3112 nobiscum
1002 3076 1017 3112 a
1033 3076 1058 3112 v.
1078 3061 1110 3112 cl.
1124 3063 1261 3112 Cmssruro
1278 3062 1477 3126 perhumaniter
1494 3076 1616 3114 commu-

379 3141 464 3191 nicata
481 3139 530 3189 est.
557 3139 615 3188 Non
631 3151 774 3202 possumus
791 3139 862 3189 enlm
878 3135 994 3202 probare
1006 3137 1078 3200 quod
1090 3136 1249 3188 Niebuhrius
1268 3140 1449 3189 amonstrosas
1461 3141 1613 3204 scripturas,

379 3214 475 3280 quibus
500 3209 563 3263 nihil
588 3214 694 3263 omnino
719 3211 782 3263 boni
806 3213 919 3264 subesse
944 3215 1062 3278 potesta,
1088 3215 1118 3264 ut
1138 3215 1176 3263 ait
1197 3215 1223 3264 in
1243 3214 1323 3264 Orati.
1345 3228 1372 3276 p.
1390 3217 1426 3266 ii.
1444 3215 1543 3266 Fonteio
1561 3217 1613 3264 cet.

376 3287 524 3355 frementis
540 3300 566 3351 p.
585 3287 652 3351 ila,
671 3287 770 3340 codicis
788 3289 903 3353 primarii
921 3289 1079 3340 omittendas
1095 3289 1210 3354 pulavit,
1235 3301 1296 3340 nnm
1313 3287 1401 3340 insunt
1417 3289 1443 3339 in
1460 3287 1615 3340 lectionibus

377 3363 483 3415 omissis
500 3359 644 3426 quaedam,
669 3375 701 3412 ex
719 3361 814 3425 quibus
832 3365 925 3415 cautus
942 3364 1047 3415 criticus
1064 3365 1154 3427 utique
1172 3361 1285 3414 trucium
1304 3375 1400 3427 capere
1417 3364 1512 3428 possit,
1535 3375 1561 3414 v.
1579 3361 1613 3412 ad

295 3518 312 3567 S
331 3541 356 3562 =
379 3512 464 3564 codex
480 3509 685 3573 salisburgensis
702 3509 803 3563 aulicus
823 3527 848 3562 n.
867 3511 918 3572 ai..
941 3525 1012 3563 nunc
1029 3513 1088 3565 cod.
1106 3513 1162 3563 Lat.
1181 3514 1345 3565 ilouaoensis
1362 3511 1469 3574 iiiiii,
1493 3511 1527 3562 ab
1544 3513 1563 3562 i.
1581 3513 1611 3562 G.

376 3591 534 3640 haeresees
557 3583 754 3648 diligentissime
771 3585 889 3638 collatus.
916 3586 1042 3639 sulficere
1060 3589 1146 3640 visum
1164 3591 1206 3640 est
1222 3601 1253 3638 ex
1271 3589 1378 3653 reliquis
1395 3587 1546 3650 codicibus,
1568 3589 1613 3652 qui

376 3665 481 3729 partem
497 3674 513 3712 a
530 3661 552 3710 V
568 3663 701 3712 servatam
718 3661 866 3722 continent,
885 3663 956 3712 hunc
972 3675 1056 3714 unum
1072 3663 1237 3725 adhibuisse,
1255 3667 1334 3716 ulex
1351 3678 1404 3716 uno
1417 3663 1561 3718 cubationis
1571 3664 1613 3715 di-

376 3736 486 3801 ligenter
507 3735 592 3788 tactae
615 3735 737 3800 exemplo
759 3740 899 3802 appareat,
922 3751 974 3803 qno
996 3737 1075 3788 modo
1098 3737 1220 3789 homines
1241 3738 1298 3790 lteli
1314 3740 1340 3790 in
1357 3738 1449 3790 codice
1467 3739 1612 3803 archetypo

375 3814 516 3874 Vaticano,
541 3825 573 3863 ex
590 3825 644 3876 quo
660 3811 777 3876 reliquos
794 3823 888 3864 ornnes
905 3811 1048 3864 deduxisse
1064 3811 1233 3864 manilestum
1250 3815 1304 3878 est,
1322 3815 1369 3865 aul
1384 3813 1551 3868 emendando
1568 3815 1614 3863 aut

375 3887 492 3938 vitiando
508 3888 606 3938 versati
623 3888 683 3938 sint.

293 3965 314 4016 L
332 3989 358 4009 =
376 3962 455 4013 editio
473 3960 644 4012 Lambiniana
660 3975 684 4012 a.
704 3961 778 4012 4566.

294 4039 314 4090 0
332 4054 358 4074 ==
376 4036 455 4088 editio
472 4034 601 4087 Oreiiiana
618 4049 642 4088 s.
661 4035 733 4087 ⁴826.

293 4283 321 4353 1.
355 4283 572 4373 Flapmente
593 4305 617 4350 o
638 4281 829 4352 Nicdubrto
851 4302 897 4349 ee·
920 4285 1036 4350 codice
1056 4285 1281 4374 palimpsesto
1311 4284 1481 4352 Vaticano
1504 4287 1611 4354 adito.

376 4421 400 4486 1.
424 4419 453 4485 l.
482 4447 555 4486 *a*
578 4420 754 4504 oportuisse
783 4441 823 4484 an
852 4421 896 4484 ila
918 4393 1077 4502 dissoluit,
1106 4430 1143 4486 ut
1166 4442 1275 4486 omues
1298 4423 1352 4486 alii
1374 4423 1610 4488 dissolverunt?

291 4519 370 4581 Nam
392 4519 436 4581 ita
457 4538 516 4600 ego
531 4514 667 4580 defendo
682 4517 724 4580 ii.
739 4515 922 4589 Fonteium,
943 4516 1081 4590 iudices,
1102 4519 1211 4600 itaque
1227 4516 1399 4592 contendo,
1422 4526 1494 4601 post
1507 4518 1609 4600 legem

292 4611 449 4677 Valeriam
463 4612 556 4676 latam
568 4654 744 4674 .........
757 4617 788 4673 ie
800 4655 830 4672 ..
845 4617 1012 4694 quaestore
1026 4630 1127 4695 usque
1142 4610 1182 4674 ad
1197 4611 1301 4674 Titum
1317 4611 1495 4694 Crispinum
1513 4629 1610 4694 quae-

357 4874 380 4924 l.
399 4871 447 4907 fl*
458 4870 616 4937 oportuisse]
633 4870 744 4921 Litteras
761 4867 868 4933 oblique
885 4870 911 4920 in
929 4869 969 4934 ἓξ.
985 4870 1056 4920 l—d.
1074 4871 1217 4935 impressas
1234 4868 1365 4936 supplevit
1380 4869 1548 4929 Niebubrius,
1566 4869 1608 4919 cui

290 4960 359 5014 quae
381 4947 500 5013 proxime
522 4943 719 5010 praecedebant
740 4942 891 4996 huiusmodi
914 4942 993 4994 luisse
1015 4942 1154 4996 videntur:
1183 4945 1269 4994 Utrum
1290 4945 1342 4994 iam
1363 4943 1432 4996 vobis
1445 4944 1567 4996 omousi·
1581 4945 1608 4994 ie

288 5023 402 5074 soluendo
417 5020 496 5071 dmm
512 5031 530 5070 o
545 5019 645 5070 Fonteio
660 5020 784 5071 rationem
800 5020 877 5070 beet
892 5021 1028 5082 oportuisse
1039 5021 1099 5082 eet,
1119 5018 1195 5071 allato
1212 5019 1323 5081 scilicet,
1342 5020 1372 5070 ut
1388 5033 1419 5070 ex
1434 5017 1608 5084 sequentibus

289 5101 375 5164 patet,
394 5095 504 5150 Hirtulei
521 5091 652 5159 exemplo.
672 5121 699 5131 -
718 5095 879 5145 dissoloemet
895 5093 1067 5145 Niebuhrius:
1091 5095 1359 5146 uissotvunidrr
1376 5097 1404 5145 et
1420 5095 1448 5145 0.
1468 5118 1495 5129 -
1515 5093 1538 5145 3.
1557 5093 1608 5143 La-

290 5183 387 5226 cunam
410 5173 471 5238 post
494 5169 576 5224 hians
595 5171 635 5222 sio
656 5168 788 5238 supplevit
809 5169 984 5223 Niebubrius:
1011 5170 1080 5223 old.
1098 5169 1213 5230 Fonteius
1239 5170 1267 5220 st
1283 5167 1462 5232 desideretur,
1488 5170 1518 5219 ut
1533 5169 1607 5218 reete
