3578 5862
244 424 306 492 eri
414 425 467 494 on
489 423 595 494 naun
616 423 794 490 rumara
815 424 935 490 nmen
955 424 1010 488 nr.
1033 423 1109 490 cn.
1123 423 1176 487 rv.
1197 420 1255 507 §i-
1269 417 1404 486 ra-rc

330 593 380 661 43.
408 597 473 662 lam
503 602 601 660 totam
621 596 724 680 legem
745 595 944 679 intelligetis,
972 614 1045 658 cum
1067 594 1106 657 ad
1127 612 1300 677 paucorum
1324 591 1569 659 dominationem

246 691 441 775 scriptasit,
463 698 530 755 tum
552 689 593 754 ad
615 689 763 754 Sullanae
786 688 1008 772 assignationis
1030 687 1168 752 rationes
1191 706 1260 750 esse
1282 687 1570 752 accommodatissi-

245 807 338 851 mam.
374 787 453 849 Nam
474 803 566 848 socer
585 784 680 847 buius
701 785 751 846 vir
772 784 904 848 multum
923 784 1027 848 bonus
1042 791 1106 857 est:
1128 800 1233 866 neque
1248 801 1307 866 ego
1322 801 1407 845 nunc
1422 781 1461 845 de
1482 780 1569 844 iliius

245 881 401 954 bonitate,
430 877 486 943 sed
508 876 549 941 de
571 877 679 960 generi
705 878 904 962 impudentia
925 877 1062 961 disputo.
1106 878 1158 940 iv.
1180 876 1238 940 illa
1261 877 1343 940 enim
1366 874 1454 960 quod
1475 875 1571 938 babet

222 974 383 1038 oretinere
411 972 480 1038 vult
505 991 611 1056 neque
639 993 674 1035 se
704 970 868 1036 Sullanum
891 992 961 1036 esse
984 971 1179 1035 dissimulat:
1211 971 1281 1046 bic,
1310 978 1345 1034 ut
1365 971 1436 1054 ipsa
1455 969 1572 1032 babeat

246 1066 332 1153 quod
360 1085 426 1130 nou
454 1065 567 1139 babet,
594 1085 677 1149 quae
707 1065 802 1128 dubia
830 1073 904 1129 sunt
931 1085 989 1149 per
1010 1084 1067 1128 vos
1094 1062 1217 1128 sancire
1239 1063 1305 1127 vult
1326 1071 1373 1140 et,
1406 1085 1477 1129 cum
1498 1063 1570 1147 plus

245 1167 375 1248 appetat
395 1177 488 1244 quam
510 1159 580 1242 ipse
605 1160 708 1234 Sulla,
738 1159 855 1242 quibus
883 1159 977 1224 rebus
999 1159 1129 1233 resisto,
1160 1157 1305 1221 Sullanas
1325 1177 1377 1222 res
1399 1157 1571 1222 defendere

247 1257 405 1322 criminor.
448 1248 499 1314 44.
520 1253 626 1316 Habet
645 1271 737 1336 agros
759 1253 947 1328 nonnullos,
969 1253 1089 1337 inquit,
1112 1273 1201 1317 socer
1214 1271 1304 1315 meus
1319 1251 1462 1315 desertos
1477 1257 1571 1333 atque

247 1350 456 1434 longinquos:
478 1346 596 1410 vendet
616 1366 673 1410 eos
695 1367 765 1410 maa
786 1346 873 1429 lege,
896 1347 1005 1429 quanti
1027 1346 1121 1411 volet.
1156 1346 1259 1410 Habet
1281 1347 1419 1410 incertos
1433 1365 1469 1410 ac
1483 1344 1571 1408 nullo

210 1445 316 1512 soiura
342 1462 527 1527 possessos:
557 1437 824 1505 confirmabuntur
849 1441 969 1522 optimo
1000 1443 1081 1505 iure.
1123 1440 1227 1504 Habet
1248 1441 1411 1526 publicos:
1440 1437 1571 1502 reddam

247 1539 396 1623 privatos.
429 1534 574 1618 lienique
596 1553 651 1596 eos
673 1532 805 1609 fundos,
828 1554 910 1619 quos
930 1535 964 1598 in
986 1555 1060 1618 agro
1076 1535 1215 1599 Casinati
1230 1535 1368 1617 optimos
1389 1532 1573 1596 fructuosis·

249 1633 410 1713 simusque
432 1627 642 1701 continuavit,
670 1647 743 1691 cum
764 1648 866 1712 usque
888 1649 927 1691 ao
949 1629 1070 1693 ricinos
1091 1628 1314 1712 proscriberet,
1341 1624 1448 1711 quoad
1470 1623 1572 1688 oculis

248 1721 475 1790 conformando
497 1741 539 1786 ex
559 1721 666 1785 multis
688 1721 829 1804 praediis
849 1741 944 1786 unam
965 1721 1056 1785 fundi
1076 1722 1238 1805 regionam
1259 1722 1456 1804 formamque
1477 1717 1573 1803 perii·

248 1826 347 1894 ceret,
370 1835 452 1901 quos
474 1835 559 1880 nunc
582 1835 652 1878 cum
674 1815 782 1898 aliquo
803 1824 890 1879 metu
912 1823 1014 1891 tenet,
1037 1817 1105 1881 sina
1126 1817 1192 1879 ulla
1213 1836 1288 1879 cura
1309 1814 1494 1901 possidebit

212 1927 240 1974 re
333 1908 384 1974 lo.
406 1912 447 1974 Et
474 1909 641 1994 quoniam,
670 1906 794 1992 quade
816 1929 910 1974 causa
933 1916 1120 1994 etquorum
1142 1929 1237 1973 causa
1264 1908 1319 1972 ille
1346 1909 1406 1972 boc
1433 1907 1574 1993 promul·

249 2005 384 2090 guverit,
414 2003 555 2077 ostendi,
583 2002 694 2068 doceat
722 2002 809 2086 ipse,
841 2024 918 2067 num
948 2024 1006 2087 ego
1036 2024 1130 2088 quem
1156 2023 1372 2088 possessorem
1395 2001 1574 2075 delendam,

249 2121 321 2166 cum
347 2099 488 2184 agrariae
516 2097 580 2180 legi
606 2097 730 2162 resisto.
767 2097 886 2162 Silvam
914 2097 1072 2161 Scantiam
1095 2097 1224 2174 vendis;
1253 2096 1390 2182 populus
1414 2099 1573 2161 Romanus

248 2194 409 2280 possidet:
439 2190 583 2256 delendo.
621 2191 815 2274 Campanum
837 2211 947 2276 agrum
968 2191 1101 2268 dividis:
1123 2213 1180 2255 vos
1202 2192 1277 2256 estis
1298 2192 1331 2254 in
1353 2193 1573 2276 possessione:

249 2309 314 2354 non
336 2289 426 2353 cedo.
467 2285 614 2368 Denique
636 2286 756 2362 ltaliae,
783 2285 908 2350 Siciliae
930 2293 1169 2370 oetermumque
1190 2286 1426 2370 provinciarum
1448 2304 1575 2368 posses-

211 2386 357 2448 rosiones
370 2381 501 2447 venales
520 2399 557 2444 ac
573 2381 768 2464 proscriptas
781 2380 841 2444 bac
863 2381 933 2463 lege
946 2381 1057 2456 rideo:
1079 2389 1185 2462 rasim
1199 2386 1273 2444 sunt
1285 2378 1429 2463 praedia,
1452 2385 1574 2443 vestrm

140 2479 156 2582 4
250 2477 487 2563 possessiones:
508 2475 654 2538 resistam
667 2482 764 2559 atquc
779 2475 963 2558 repugnabo
978 2495 1083 2560 neque
1097 2475 1198 2560 patiar
1212 2494 1232 2539 a
1246 2493 1407 2559 quoquam
1421 2455 1574 2557 popubrm

249 2573 425 2635 Romanum
449 2568 489 2632 dc
510 2569 577 2632 suis
590 2570 847 2651 possessionibus
861 2590 911 2632 me
926 2569 1058 2633 consule
1073 2568 1250 2644 demoveri,
1272 2568 1474 2651 praesertim,
1496 2566 1575 2642 Qui-

249 2663 343 2738 rites,
372 2683 444 2726 cunr
465 2662 556 2725 robis
578 2662 656 2724 nihil
679 2670 865 2747 quaeratur:
897 2665 931 2725 in
952 2664 1014 2726 hoc
1043 2663 1126 2726 enim
1147 2683 1203 2727 vos
1226 2682 1332 2727 errore
1357 2663 1477 2726 versari
1505 2662 1575 2725 diu-

250 2757 313 2821 tius
333 2776 399 2820 non
421 2762 556 2840 oportet
589 2750 639 2818 46.
655 2758 736 2820 Num
760 2757 832 2840 quis
854 2763 990 2819 vestrum
1013 2756 1054 2820 ad
1067 2757 1148 2832 rim,
1171 2756 1211 2820 ad
1225 2755 1366 2832 facinus,
1389 2756 1428 2819 ad
1444 2755 1574 2820 caedem

212 2869 241 2918 a:
251 2849 504 2914 accommodatus
519 2850 589 2911 esti
611 2851 720 2914 Nemo.
753 2851 849 2935 Atqui
865 2851 894 2914 ci
909 2851 1016 2932 generi
1033 2850 1195 2913 bominum
1203 2895 1213 2926 ,
1235 2849 1313 2912 mihi
1329 2851 1462 2925 eredita,
1486 2849 1575 2913 Cam-

249 2963 352 3029 panus
374 2963 450 3027 ager
471 2952 503 3007 et
522 2942 682 3028 praeclara
702 2945 758 3008 illa
773 2945 877 3028 Capua
893 2952 1052 3008 servatur:
1075 2943 1235 3008 exercitus
1250 2952 1358 3008 contra
1371 2962 1444 3018 ros,
1466 2951 1576 3007 contra

249 3039 425 3103 libertatem
447 3043 599 3113 vestram,
622 3045 732 3102 contra
755 3039 812 3103 Cn.
833 3041 1016 3123 Pompeium
1039 3037 1258 3102 constituitur:
1277 3033 1398 3113 (cerua
1419 3036 1502 3100 banc
1522 3057 1576 3099 ur-

248 3134 321 3198 bem
351 3133 473 3215 Capua,
507 3139 617 3196 contra
645 3152 702 3195 vos
731 3121 860 3233 manus)
873 3134 1035 3197 bominum
1064 3131 1374 3216 audacissimorumg
1387 3139 1496 3195 contra
1518 3130 1574 3192 Cn.

89 3258 158 3339 Γ]
248 3229 434 3313 Pompeium
457 3224 567 3290 decem
589 3225 687 3289 duces
709 3217 948 3318 compa-rantur)
983 3227 1121 3291 Veniant
1141 3246 1245 3291 coram
1274 3235 1319 3300 et,
1352 3226 1502 3309 quoniam
1524 3242 1575 3286 me

211 3322 283 3388 eoin
305 3328 441 3386 vestram
463 3319 645 3384 contionem
666 3320 756 3384 robis
778 3306 990 3405 flagitantibus
1013 3328 1242 3396 evocaverunt,
1265 3320 1432 3384 disserant.

315 3548 339 3598 4.
358 3546 494 3611 ambigitis
508 3545 538 3596 E.
559 3570 588 3582 -
605 3544 631 3595 2.
649 3545 745 3608 :eripio
760 3546 793 3595 rii.
809 3551 868 3596 tuac
884 3547 919 3596 od
935 3549 965 3605 Ρ;
984 3547 1103 3609 scriplum
1120 3551 1172 3596 tom
1188 3545 1223 3595 od
1238 3545 1272 3604 T:
1290 3546 1385 3608 :emto
1400 3544 1443 3606 rit,
1461 3543 1495 3594 ad
1513 3543 1574 3608 (om.

248 3623 308 3686 imo)
327 3634 389 3674 cum
406 3620 450 3672 ed.
468 3619 632 3683 ilervagiaua
648 3617 704 3670 Li.
725 3647 752 3656 -
771 3623 1022 3672 mmmdoturimom
1035 3623 1148 3673 EFPA.
1167 3619 1325 3671 Emendavii
1335 3617 1481 3682 Naugerius
1492 3618 1520 3668 in
1531 3615 1574 3667 ed.

247 3699 349 3750 Aldina.
363 3723 391 3734 -
410 3696 434 3749 i.
452 3697 537 3761 oscen
553 3696 708 3759 mummio
723 3697 752 3746 P.
765 3696 910 3746 Manutius:
928 3708 1017 3760 oram
1031 3697 1199 3759 inpudentiae
1214 3692 1325 3746 arai.
1345 3719 1373 3730 -
1393 3695 1417 3746 i.
1435 3693 1524 3758 qubus
1537 3707 1577 3744 rs-

248 3774 292 3825 bu:
308 3773 425 3824 EFPT:
449 3771 538 3835 qubus
558 3785 604 3836 ogo
619 3770 693 3822 rebor
708 3783 771 3822 curn
789 3770 832 3822 ed.
850 3770 943 3822 Aldina
961 3770 1044 3826 Leo.
1066 3799 1093 3809 -
1118 3771 1142 3822 8.
1161 3769 1290 3835 oimioor]
1311 3770 1462 3822 mintoutw
1477 3771 1506 3821 P.
1523 3770 1578 3822 Ma-

249 3849 352 3910 nutius;
370 3861 410 3898 oso
426 3847 578 3898 oimiootur
594 3847 622 3896 L.
647 3844 685 3896 ci.
700 3847 857 3912 Pompeium
868 3845 911 3897 ed.
925 3846 1045 3897 Lindem.
1063 3861 1090 3912 p.
1103 3847 1160 3897 299.
1176 3873 1204 3883 -
1222 3847 1263 3897 ii.
1281 3845 1405 3896 Omdooti
1420 3839 1532 3896 slei.
1546 3869 1573 3879 -

246 3923 502 3988 Arctoosiuimorque
512 3922 532 3972 E
542 3922 573 3972 F:
590 3921 799 3986 [immorantes
809 3924 844 3980 A:
863 3926 886 3972 et
895 3921 1104 3985 sumtuosisrimos
1113 3921 1148 3972 de
1160 3919 1281 3972 Lambini
1292 3921 1445 3972 coniectura
1456 3916 1573 3973 bio.-

248 3999 288 4049 ie.
301 3997 567 4062 macaronesum
578 3995 743 4048 Gulielmius:
763 3997 1020 4062 omlbcoraflnaoodo
1031 3998 1132 4049 EFPA
1143 4011 1149 4057 ;
1161 3996 1415 4047 oculucooiiriuosdo
1426 3996 1488 4057 do:
1500 3993 1578 4046 orode

247 4074 384 4125 contundo
394 4074 427 4134 T:
445 4073 706 4124 cerdoscoruiouoodo
723 4072 846 4123 eumad.
859 4072 1009 4124 Victoriana
1026 4070 1082 4126 LA.
1096 4099 1123 4109 -
1138 4072 1178 4122 43.
1187 4071 1516 4136 proediulproesidiirEF.
1534 4069 1574 4122 Ci.

248 4161 276 4213 p.
290 4147 346 4200 oie.
360 4162 386 4200 v.
399 4150 439 4200 ti.
455 4177 483 4186 -
495 4147 576 4212 bodi]
592 4149 667 4200 erudi
683 4149 797 4200 EFPA.
820 4148 976 4199 Emendavii
992 4149 1138 4213 Naugerius
1149 4149 1176 4199 in
1187 4148 1231 4199 ed.
1244 4149 1401 4199 Victoriana.
1412 4149 1578 4213 -pertlomt

249 4222 385 4274 Ernestius
393 4236 399 4272 :
408 4223 568 4286 persecmiiE
578 4224 596 4273 F
603 4225 625 4273 A
635 4221 689 4277 Li.
699 4251 726 4260 -
737 4224 778 4274 io.
785 4225 986 4289 promulgaverit
993 4225 1129 4290 Zumptius
1139 4223 1182 4286 (ad
1192 4223 1267 4274 Verr.
1277 4236 1304 4287 p.
1315 4223 1396 4288 etii:
1405 4221 1578 4289 ρνοωαὶραυίι

249 4297 355 4349 EFAl.
364 4294 382 4350 4
392 4298 425 4357 0;
436 4298 607 4363 proosrdgon't
615 4299 750 4350 Graevius.
758 4323 785 4334 -
793 4299 834 4350 ie.
843 4301 896 4362 ipso
906 4299 1001 4336 *lili*
1013 4313 1058 4365 ego
1066 4300 1170 4363 Ussing:
1182 4298 1234 4361 ipss
1240 4311 1315 4358 susc,
1326 4297 1576 4362 agoMommsenius.

251 4370 1579 4438 -47.ρ.14.θτ;νοεριώιὸοα(κ.ρ.)ΜΔΝ-49.ὼπίᾳυοΕιὼίηὼῈΑιὲο.-Ξο.υωαὶᾶε

248 4447 336 4498 EFA.
351 4447 507 4512 -proodiol
521 4450 650 4511 masuilio
666 4450 695 4500 E.
714 4448 753 4500 Ci.
772 4461 798 4514 p.
817 4449 874 4502 643.
893 4465 918 4501 v.
932 4450 972 4502 ii.
985 4451 1064 4502 -it
1076 4450 1338 4515 ompumlquoEF.
1350 4475 1376 4486 -
1388 4449 1429 4500 ii.
1442 4449 1579 4500 macuati

248 4523 333 4574 EFP.
346 4524 544 4588 -proorertim,
563 4527 684 4588 wios,
702 4523 901 4576 cruoliioinius:
919 4526 1283 4588 rraemmomcaaeim
1298 4524 1578 4589 praesummas

248 4594 336 4650 80.-
347 4595 388 4649 23.
397 4598 425 4648 ia
435 4610 490 4650 cm.
500 4599 520 4650 i:
529 4600 547 4650 F
557 4603 577 4650 G
586 4602 606 4651 P
614 4603 645 4662 A;
658 4599 759 4651 addidit
769 4600 916 4663 Naugerius
924 4599 952 4650 in
961 4598 1201 4652 edvicioriana-
1209 4599 1250 4652 ai.
1261 4599 1408 4665 adcosdsm]
1419 4599 1577 4660 odoranni:

249 4673 363 4724 modern
379 4675 413 4734 P:
435 4675 552 4727 occsdm
568 4676 598 4726 Ε.
619 4701 646 4712 -
664 4677 706 4728 io.
724 4676 798 4738 Atqui
814 4678 843 4726 Ρ.
861 4675 1004 4728 Manutius:
1025 4676 1206 4739 AipocEFA.
1225 4703 1252 4713 -
1271 4677 1313 4728 ²9.
1331 4681 1354 4727 at
1370 4687 1424 4726 om.
1442 4675 1528 4726 EFP.
1547 4698 1575 4709 -

250 4746 290 4799 3⁰.
308 4755 473 4802 eooowsnsot
488 4750 634 4816 Madvigius
651 4751 732 4817 (apud
749 4750 919 4814 Ussingiumiz
940 4757 1137 4803 mwooocmmi
1152 4747 1322 4804 aricio,

826 4855 995 4866 Ι-ι--ι--ι

316 4919 428 4983 sopitat:
443 4919 534 4972 Murci.
553 4919 627 4971 tuidi.
644 4920 718 4972 cicer.
736 4920 767 4971 de
782 4919 834 4984 leo:
850 4919 1035 4985 omoeiolibor
1050 4922 1149 4974 mos.
1165 4921 1255 4985 incipit
1270 4919 1361 4972 actio.
1378 4920 1414 4972 M.
1434 4919 1460 4972 T.
1478 4917 1578 4970 otero-

249 4993 290 5044 sir
304 4995 332 5045 io
350 4995 490 5048 mareri.
508 4994 541 5058 E:
558 4995 705 5060 depilator:
720 4995 779 5047 libri
794 4996 825 5046 de
840 4995 893 5060 loos
908 4996 1017 5061 sarorio
1033 4995 1059 5047 F.

782 5183 1031 5199 *ια-*Ἀ
