3610 5860
370 437 443 506 cn.
457 435 668 504 xv-xvn.
690 432 747 520 pp.
768 428 915 502 ae-es.
938 427 1123 518 [rr-xm.
1144 425 1292 516 4444]
1432 425 1494 494 ire

181 611 316 678 maxime
337 609 435 694 gloria
455 627 492 672 uc
512 605 608 672 laude
625 605 797 680 ducuntur,
818 603 1035 669 verumetiam
1050 602 1165 667 exteris
1180 601 1358 666 nationibus
1372 607 1405 666 et
1418 619 1496 684 gen·

180 707 260 770 tibus
282 703 448 767 ostendere
468 721 525 764 ros
545 701 578 764 in
600 700 763 764 sententiis
784 698 922 764 ferendis
945 698 1005 762 ciri
1025 715 1151 780 parcere
1173 715 1267 780 4444444
1284 696 1368 760 144444
1381 695 1494 758 cedere

179 796 351 862 induisset
394 795 478 858 XVI.
492 791 544 857 36.
567 791 649 878 [xii.
663 788 727 875 244]
750 796 863 876 Magna
884 814 935 857 me
955 791 1100 856 hercules
1117 810 1225 865 causa,
1245 789 1383 864 iudices,
1405 787 1496 850 abso-

179 891 308 954 lutionis
329 909 399 953 curn
421 889 534 952 ceteris
556 889 659 952 causis
681 887 759 952 baec
781 881 906 966 est,(ne
929 905 1010 971 quae
1032 884 1166 968 insignis
1186 884 1259 948 huic
1279 882 1411 964 imperio
1429 898 1496 943 ma·
1630 859 1651 980 q

179 985 250 1048 cula
278 993 374 1067 atquc
402 982 575 1065 ignominia
603 971 810 1088 suscipljmr)
833 981 859 1044 si
888 981 947 1044 boc
973 981 1016 1042 ita
1041 977 1196 1063 perlatum
1217 977 1276 1040 erit
1296 977 1329 1038 in
1351 973 1519 1047 Galliam,t

178 1084 340 1142 senatores
363 1078 548 1160 equitesque
569 1075 676 1159 populi
689 1075 822 1138 Romani
843 1094 908 1138 non
928 1071 1117 1136 testimoniis
1135 1071 1308 1144 Gallorum,
1331 1068 1387 1131 sed
1401 1065 1496 1130 minis

178 1178 349 1235 commotos
377 1189 443 1232 rem
470 1170 509 1233 ad
530 1169 656 1232 illorum
678 1167 853 1231 lubidinem
874 1167 1039 1232 iudicasse.
1073 1168 1120 1230 lia
1140 1185 1234 1240 vero,
1262 1167 1289 1228 si
1309 1164 1357 1227 illi
1377 1162 1497 1226 bellum

177 1263 281 1327 facere
304 1263 512 1338 conabuntur,
534 1262 720 1326 excitandus
740 1261 833 1326 nobis
855 1262 914 1324 erit
934 1261 974 1324 ab
995 1260 1104 1325 inferis
1123 1260 1157 1323 C.
1171 1261 1302 1334 Marius,
1324 1258 1379 1342 qui
1401 1257 1497 1320 Indu-

177 1357 308 1420 tiomaro
335 1357 401 1431 isti,
430 1357 545 1420 minaci
570 1363 665 1438 atque
686 1357 856 1438 arroganti,
886 1375 943 1438 par
964 1355 998 1417 in
1019 1355 1104 1418 bello
1126 1354 1263 1437 gerendo
1286 1373 1356 1417 esse
1377 1353 1497 1437 possit:

163 1447 362 1543 (excitandus
390 1449 446 1513 Cn.
467 1450 620 1513 Domitius
650 1457 683 1512 et
709 1449 748 1525 Q.
770 1451 925 1514 Maximus
931 1447 949 1534 ,l
975 1449 1029 1532 qui
1055 1450 1214 1513 nationem
1235 1447 1440 1530 Allobrogum
1465 1452 1535 1509 etit
1595 1461 1680 1554 f}

177 1545 316 1628 reliquas
345 1545 410 1608 suis
437 1544 552 1608 iterum
577 1543 671 1608 umis
700 1541 843 1607 conficiat
871 1551 966 1626 atque
988 1543 1159 1625 opprimat:
1192 1547 1261 1615 aut,
1293 1541 1442 1624 quoniam
1463 1536 1496 1601 id

179 1639 306 1722 quidem
327 1657 390 1702 non
413 1645 533 1721 potest,
563 1637 698 1701 orandus
721 1638 779 1700 erit
800 1637 890 1701 nobis
911 1637 1027 1700 amicus
1053 1653 1157 1709 meus,
1185 1635 1227 1698 Μ.
1249 1634 1434 1708 Plaetorius,
1461 1637 1498 1696 ut
1640 1615 1669 1716 ζ

179 1753 252 1796 euos
280 1751 378 1796 noros
408 1732 538 1796 clientes
561 1751 580 1794 a
601 1731 684 1795 bello
705 1730 852 1794 faciendo
874 1731 1043 1802 deterreat,
1073 1735 1109 1791 nt
1130 1747 1239 1792 eorum
1259 1717 1355 1791 :aba
1376 1726 1498 1790 animos
1727 1728 1733 1736 '

178 1835 272 1910 atque
293 1824 459 1888 horribiles
480 1825 614 1906 impetur
629 1824 831 1908 deprecetur:
853 1832 921 1898 aut,
944 1824 971 1886 si
986 1842 1051 1885 non
1069 1821 1199 1905 poterit,
1221 1822 1263 1884 Μ.
1279 1818 1410 1883 Fabium
1424 1819 1498 1883 eub-

178 1921 358 2003 scriptorem
380 1919 447 1982 cius
469 1919 663 2001 rogabimus,
684 1927 720 1981 ut
741 1918 944 2000 Allobrogum
959 1919 1079 1984 animos
1094 1917 1227 1999 mitiget,
1250 1916 1400 2000 quoniam
1414 1913 1535 1998 apudic

177 2013 248 2076 illos
269 2011 436 2076 Fabiorum
458 2030 574 2074 nomen
596 2019 645 2074 est
663 2011 899 2096 amplissimum.
937 2011 1056 2075 Volunt
1085 2010 1138 2074 isti
1168 2018 1223 2073 aut
1250 2009 1431 2093 quiescere,
1464 2006 1497 2071 id

177 2106 262 2190 quod
283 2105 357 2170 victi
378 2125 414 2168 ac
436 2106 556 2169 subacti
578 2105 697 2180 solent,
725 2113 794 2180 aut,
824 2125 894 2168 cum
916 2105 1089 2179 minantur,
1118 2104 1294 2188 intelligere
1323 2122 1359 2168 se
1380 2101 1497 2188 populo

177 2201 317 2264 Romano
339 2219 402 2262 noo
424 2207 541 2262 metum
562 2199 655 2274 belli,
677 2200 733 2263 sed
756 2220 845 2281 spem
867 2199 1017 2283 triumphi
1040 2198 1218 2263 ostendere.

260 2292 312 2357 37.
329 2288 404 2378 [Vl]
427 2291 520 2367 Quod
543 2293 569 2355 si
591 2294 624 2356 in
639 2294 723 2376 turpi
737 2313 792 2356 reo
814 2294 998 2376 patiendum
1013 2312 1077 2357 non
1092 2299 1191 2367 essct,
1212 2297 1248 2354 ut
1262 2289 1431 2374 quiequam
1445 2289 1496 2354 isti

177 2411 211 2453 se
234 2389 328 2452 minis
349 2385 517 2472 proiecisse
535 2386 769 2462 arbitrarentur,
791 2389 868 2471 quid
883 2387 1060 2452 laciendum
1081 2386 1171 2452 robis
1190 2388 1224 2450 in
1240 2387 1281 2448 Μ.
1296 2384 1427 2446 Fonteio
1448 2397 1535 2446 :rr-ac

176 2482 352 2546 bitraminil
368 2482 407 2544 de
420 2498 483 2563 quo
493 2480 633 2554 bomine,
648 2480 821 2556 iudices,-²
833 2482 897 2546 iam
909 2482 991 2545 enirn
1003 2481 1079 2544 mibi
1094 2481 1204 2544 videor
1217 2480 1278 2543 boc
1291 2497 1389 2563 prope
1404 2497 1498 2541 causa

177 2559 298 2638 duebm
319 2573 493 2640 actionibus
514 2582 660 2656 perorata
681 2573 796 2636 debere
818 2575 922 2638 dicere
944 2607 1002 2649 -,
1025 2576 1064 2638 de
1086 2594 1149 2659 qno
1170 2593 1227 2638 vos
1249 2573 1436 2637 hominene
1458 2572 1497 2636 ab

176 2667 312 2730 inimicis
334 2667 462 2751 quidem
482 2666 582 2730 ullum
603 2664 708 2730 fictum
728 2668 915 2753 probrosum
937 2689 1001 2732 non
1023 2669 1116 2734 modo
1136 2669 1269 2742 crimen,
1292 2667 1411 2730 sedne
1432 2685 1498 2730 rna·

175 2760 326 2824 lcdictum
348 2761 477 2845 quidem
498 2759 640 2823 audistis.
669 2760 786 2844 Ecquis
810 2781 959 2846 umquam
973 2782 1065 2836 reus,
1088 2761 1274 2846 praesertim
1288 2763 1320 2824 in
1340 2760 1400 2824 bac
1414 2762 1497 2824 vitae

175 2854 296 2918 ratione
317 2862 474 2930 versatus,
495 2855 528 2916 in
548 2853 721 2918 honoribus
742 2855 904 2937 petendis,
928 2857 960 2918 in
982 2855 1206 2937 potestatibus,
1227 2855 1261 2918 in
1281 2855 1421 2940 imperiis
1443 2865 1534 2937 ge-et

174 2948 282 3012 rendis
320 2949 365 3012 sic
386 2955 549 3012 accusatus
571 2925 694 3029 est,(rit
707 2948 830 3036 nullum
848 2950 1012 3035 probrum,
1035 2951 1157 3013 nullum
1171 2949 1308 3024 lacinus,
1330 2949 1419 3012 nulla
1432 2956 1498 3012 tur·
1634 2998 1642 3018 ,.

174 2993 306 3124 pitudol
331 3061 411 3126 quac
433 3062 451 3105 a
472 3041 613 3106 lubidine
635 3049 690 3104 aut
710 3061 729 3104 a
749 3042 923 3125 petulantia
945 3051 998 3107 aut
1024 3043 1063 3106 ab
1085 3043 1214 3106 audacia
1234 3052 1307 3106 nata
1330 3030 1498 3126 osselleb
1597 3063 1685 3136 na„

174 3143 355 3200 accusatore
377 3125 581 3222 obiicereturl
603 3137 631 3198 si
653 3155 718 3198 non
731 3155 824 3208 vera,
847 3143 879 3198 at
900 3136 1064 3200 commode
1086 3134 1157 3199 ficta
1188 3157 1241 3199 um
1255 3136 1363 3219 aliqua
1377 3137 1498 3199 ratione
1615 3165 1637 3242 p

175 3247 211 3291 ac
233 3228 440 3312 suspicione?
481 3225 862 3311 xvii.38.[x1ii.28.]
893 3231 935 3292 M.
956 3229 1122 3292 Aemilium
1168 3249 1313 3304 caurum,
1341 3249 1498 3292 summum
1657 3216 1666 3238 ⁸

175 3329 301 3386 nostrae
324 3323 455 3386 civitatis
476 3324 594 3410 vr'flrm,
616 3322 732 3386 scimus
753 3329 933 3387 accusatum
955 3342 973 3386 a
992 3325 1033 3386 Μ.
1048 3325 1152 3386 Bruto.
1181 3323 1314 3386 Exstant
1329 3324 1536 3398 oratiuncula
1582 3313 1640 3415 ’ζ

177 3437 218 3480 cx
240 3415 354 3501 quibus
376 3417 508 3498 intelligi
529 3425 635 3500 potest
648 3417 748 3479 multa
761 3417 793 3479 in
808 3415 897 3480 illum
912 3417 1015 3500 ipsum
1031 3417 1181 3478 Scaurum
1198 3435 1269 3479 esse
1282 3416 1380 3493 dicls;
1401 3415 1498 3480 falec:

178 3511 250 3593 quis
272 3513 387 3592 negati
409 3530 519 3574 verum
540 3519 645 3573 tamen
668 3511 707 3572 ab
728 3511 855 3573 inimico
877 3511 961 3574 dicta
983 3518 1014 3574 et
1035 3509 1168 3573 obiecta.
1206 3508 1309 3585 Quam
1329 3509 1427 3572 multe
1448 3510 1499 3573 Μ’.

176 3603 323 3687 Aquilius
345 3604 465 3667 audivit
485 3605 519 3667 in
540 3623 598 3668 suo
619 3604 753 3668 iudicio!
777 3623 872 3688 qnam
894 3604 993 3668 multa
1014 3604 1049 3666 L.
1072 3602 1176 3666 Cottal
1200 3603 1338 3686 denique
1358 3604 1392 3666 P.
1411 3603 1500 3667 Ruti·

177 3697 254 3772 lius,
277 3697 332 3780 qui
355 3697 414 3760 etsi
436 3695 600 3762 damnatus
623 3705 686 3772 est,
708 3697 786 3762 mibi
800 3696 926 3761 videtur
939 3707 1043 3764 umen
1057 3698 1142 3763 inter
1154 3698 1240 3762 viros
1254 3698 1389 3782 optimos
1402 3705 1499 3782 alque

175 3791 451 3856 innocentissimos
479 3811 550 3855 esse
574 3792 796 3856 numerandus.
829 3793 887 3856 llle
908 3794 1004 3875 igitur
1022 3794 1092 3876 ipse
1113 3791 1206 3855 bomo
1228 3791 1440 3856 sanctissimus
1462 3805 1537 3858 accc

176 3884 477 3968 temperantissimus
505 3885 602 3949 multa
623 3885 743 3950 audivit
762 3887 796 3949 in
818 3906 875 3950 aua
896 3905 1005 3962 causa,
1036 3905 1117 3970 quae
1139 3884 1179 3948 cd
1201 3883 1412 3969 suspicionem
1433 3895 1499 3950 stu·

242 4090 265 4138 4.
284 4093 338 4138 ool.
356 4093 380 4138 44
395 4088 507 4153 4444444444
523 4089 634 4152 scripsi:
652 4094 676 4139 44
692 4101 745 4140 om.
758 4089 821 4152 VS;
839 4089 980 4140 optimitas
996 4103 1027 4140 oc
1042 4088 1155 4153 pedibus
1169 4087 1231 4138 edd.
1250 4089 1289 4139 ct.
1302 4089 1425 4144 debeor.
1438 4095 1496 4146 Nat.

175 4165 218 4214 lll.
236 4164 260 4228 5.
279 4165 319 4216 93.
337 4179 368 4216 nc
384 4166 498 4216 4444444444
513 4165 612 4226 quidem
628 4169 651 4214 ct
666 4171 757 4230 4444444.
778 4191 805 4202 -·
830 4165 855 4216 3.
873 4167 988 4216 amiculis
1003 4165 1034 4216 V.
1055 4189 1082 4202 -
1102 4164 1126 4214 3.
1143 4175 1183 4214 me
1198 4163 1307 4214 hercule:
1321 4167 1385 4218 VL:
1401 4168 1499 4218 444444·-

175 4239 228 4288 44444
244 4241 300 4291 SO.
315 4268 342 4277 -
361 4239 386 4292 i.
403 4254 434 4291 nc
451 4254 516 4302 quoe
531 4241 641 4304 scripsi:
660 4255 691 4292 444
707 4255 753 4304 que
769 4241 805 4300 V:
824 4254 855 4290 44
872 4255 923 4304 quo
939 4242 994 4291 SO.
1011 4266 1037 4276 -
1056 4240 1080 4290 e.
1096 4239 1225 4301 4444444444
1241 4239 1267 4289 S.
1287 4265 1313 4274 —
1333 4239 1357 4292 6.
1375 4247 1500 4294 mores

176 4313 290 4366 Feiirnus
308 4317 336 4365 et
351 4317 386 4366 L:
414 4320 508 4366 44444444
524 4315 555 4376 V,
574 4317 603 4364 ut
619 4315 718 4365 rettulit
734 4313 892 4366 Niebubrius
912 4315 939 4366 in
956 4311 1077 4378 exemplo
1095 4326 1144 4364 suo
1161 4311 1283 4363 editionis
1300 4315 1375 4374 Gar.;
1401 4321 1501 4368 44444444

175 4388 206 4448 S,
224 4391 381 4440 succlamo.
402 4417 430 4427 -
452 4391 477 4440 i.
496 4389 628 4440 lubidinem
648 4392 685 4454 (et
701 4391 739 4440 sic
758 4389 873 4453 sempcrl
892 4391 925 4439 V:
949 4389 1074 4439 4444444444
1090 4389 1145 4438 50.
1173 4411 1200 4422 -
1225 4387 1249 4437 9.
1268 4388 1403 4453 4444444444·
1417 4391 1448 4442 V.
1468 4406 1494 4432 -

175 4461 236 4512 brito
252 4466 358 4526 pereodo
375 4466 491 4516 Faernus
502 4480 508 4514 ι
527 4465 688 4528 4444444444
699 4466 734 4526 V:
754 4464 919 4527 bediperocdo
935 4465 991 4514 SO.
1005 4489 1032 4500 -
1052 4465 1091 4514 40.
1112 4464 1141 4525 0.
1154 4461 1291 4527 4444444444]
1309 4464 1456 4516 0444444444
1466 4467 1497 4526 V;

176 4538 205 4599 0.
224 4550 278 4587 orn.
296 4539 322 4588 S.
342 4564 369 4574 -
394 4541 434 4590 44.
451 4540 562 4602 reliquos
584 4539 744 4591 Lambinus:
767 4540 888 4600 reliquias
904 4540 960 4589 VS.
981 4565 1008 4574 -
1033 4539 1073 4589 ia.
1092 4539 1191 4600 44444444
1210 4537 1285 4588 edd:
1310 4540 1376 4602 quod
1391 4541 1447 4591 VS.
1469 4565 1496 4576 -

171 4613 261 4675 potest]
279 4617 376 4675 «potest
389 4616 446 4678 peri
462 4614 542 4665 dubia
559 4615 589 4664 i..
607 4627 681 4678 susp.
703 4612 770 4664 Nihil
787 4627 868 4678 opus:
887 4614 920 4664 cl.
939 4613 1070 4679 Spalding.
1089 4612 1124 4663 ad
1142 4612 1277 4676 0444444441.
1295 4627 1321 4678 p.
1335 4615 1392 4665 cc.»
1410 4617 1453 4666 044.
1468 4641 1495 4652 -

176 4690 216 4740 43.
229 4688 323 4738 44444444
333 4690 395 4739 V.-
415 4689 454 4742 ii.
467 4691 591 4742 torribilis
601 4691 623 4738 V
633 4692 658 4740 S.
673 4716 700 4726 -
713 4690 753 4741 46.
766 4695 801 4740 est
813 4702 866 4740 om.
878 4690 935 4740 VS.
948 4716 976 4726 -
988 4689 1074 4739 44444444
1084 4687 1138 4738 VS:
1155 4687 1299 4737 4444444440
1312 4701 1373 4740 cnm
1386 4691 1496 4740 lunlloa.

177 4791 205 4799 -
219 4763 259 4813 47.
278 4761 416 4827 4444444444
432 4765 462 4815 V.
475 4793 503 4802 -
522 4765 563 4816 20.
581 4767 607 4814 444
623 4765 659 4816 ii.
672 4764 772 4814 Fonteio
788 4765 819 4814 S:
838 4763 874 4814 ii.
893 4763 977 4813 Fontei
995 4764 1064 4814 V.-
1082 4763 1123 4812 ai.
1140 4763 1188 4812 4444
1204 4762 1229 4811 S.
1245 4788 1272 4797 -
1290 4761 1331 4812 ii.
1351 4764 1381 4814 44
1397 4777 1499 4826 quevo:

174 4837 271 4888 bomine
286 4836 378 4888 44444444
394 4839 455 4890 edd.
468 4841 532 4888 vett.
548 4863 575 4875 -
593 4837 635 4889 ii.
654 4839 736 4900 ecque
751 4839 781 4888 S:
800 4839 916 4900 boecquis
931 4840 962 4888 V.
983 4865 1010 4875 -
1032 4839 1073 4889 ib.
1092 4839 1119 4888 444
1133 4835 1301 4901 potestatibus]
1327 4837 1450 4898 Videtur,
1469 4841 1499 4888 ut

175 4911 365 4964 Mommseniue
383 4914 486 4972 monet,
510 4911 624 4962 verbum
641 4911 815 4975 gerundivum
832 4911 968 4962 4444444444
982 4910 1025 4962 vel
1042 4911 1127 4963 simile
1144 4909 1318 4963 intercidisse.
1339 4939 1366 4950 -
1389 4911 1430 4962 28.
1448 4911 1499 4961 obt-

173 4987 338 5040 cacturVS.
352 5013 380 5024 -·
398 4988 420 5037 44
436 5001 487 5038 44444
501 4999 564 5038 cero
580 4991 607 5038 44
622 4987 747 5038 4444444444
761 4988 822 5051 14444
833 4987 941 5051 scripsi:
959 4987 981 5037 44
996 4999 1060 5040 uero
1074 5001 1126 5040 44444
1141 4993 1170 5039 ot
1185 4987 1315 5053 44444434
1333 4987 1355 5038 ri
1370 5001 1421 5038 44444
1435 4999 1498 5038 ocra

175 5069 202 5113 44
217 5069 300 5114 44444444
314 5063 375 5127 potu
390 5062 448 5113 So.
462 5089 489 5098 -
509 5061 550 5112 30.
568 5066 657 5114 ectum
672 5063 731 5112 VS.
751 5087 779 5098 -
798 5061 839 5112 34.
856 5061 1052 5114 li'.Gsratcui:
1069 5062 1177 5114 ltvs.
1192 5083 1220 5098 -
1238 5059 1280 5114 33.
1298 5059 1412 5124 Aquilio
1426 5061 1493 5116 VS:

174 5136 297 5200 ,4444444444
312 5137 341 5188 0.
362 5161 389 5172 -
410 5136 485 5188 Cocta
501 5136 528 5188 S.
547 5160 575 5172 -
594 5135 634 5188 el.
653 5136 803 5200 4444444444
818 5134 850 5190 V.
