3642 5862
260 453 274 490 ι
459 433 527 498 Lm.
549 434 585 495 V.
613 431 686 498 Gar.
707 429 1027 495 xxxv-xxxvl.
1054 426 1111 514 55.
1131 423 1277 494 Sil-Vl.
1458 421 1520 490 tta

208 605 314 670 multis
336 601 557 668 innocentibus
579 601 794 666 calamitosum
815 607 910 684 atque
931 598 1107 664 funestum!
1133 618 1152 661 o
1174 597 1461 682 iatius'nequitiam
1482 617 1519 662 ac

208 698 433 783 turpitudinem
456 696 662 779 singularem!
685 695 752 758 Una
767 703 863 779 atqua
878 696 988 758 eadem
1002 713 1068 757 nox
1082 699 1163 768 erat,
1185 688 1389 777 quaspraetor
1402 691 1520 756 amoris

208 792 381 877 turpissimi
405 789 544 863 llamma,
567 789 676 852 classis
696 788 809 872 populi
823 788 956 852 Romani
976 785 1170 871 praedonum
1184 784 1333 850 incendio
1349 781 1520 868 conflagra-
1622 791 1705 842 ra

207 877 286 1043 bap.)
310 885 448 948 Affertur
474 892 567 947 nocte
596 883 785 965 intempesta
805 881 908 966 gravis
930 881 1061 944 huiusce
1083 880 1157 943 mali
1179 879 1310 942 nuntius
1332 879 1519 964 Syracusasr

208 1001 247 1044 cu
282 981 344 1045 itur
361 979 400 1042 ad
419 978 626 1062 praetorium,
649 995 712 1061 quo
732 976 826 1040 iatum
846 995 886 1038 ex
900 975 956 1039 illo
976 975 1137 1057 praeclaro
1160 973 1306 1037 convivio
1327 973 1544 1038 reduxerantt

207 1073 303 1157 paulo
324 1081 398 1138 ante
420 1073 566 1136 mulieres
580 1091 650 1134 cum
665 1078 756 1136 cantu
772 1077 868 1152 atque
882 1067 1079 1151 symphonia.
1108 1067 1307 1142 Cleomenes,
1329 1085 1520 1152 quamquam

207 1187 273 1232 nox
303 1175 385 1241 erat,
419 1173 522 1230 tamen
550 1165 584 1228 in
613 1165 740 1247 publico
768 1181 837 1228 esse
866 1182 931 1225 non
951 1161 1063 1225 audet:
1095 1159 1231 1225 includit
1251 1179 1285 1224 se
1307 1161 1393 1225 domi
1416 1178 1521 1245 nequa

207 1261 316 1327 aderat
336 1280 434 1337 uxor,
456 1278 540 1348 quae
560 1257 716 1322 consolari
737 1257 898 1323 bominem
919 1259 951 1323 in
975 1258 1065 1321 malis
1086 1263 1203 1340 posset
1232 1253 1283 1321 93.
1299 1257 1399 1321 Huius
1414 1264 1520 1320 autem

207 1355 361 1440 praeclari
389 1352 587 1436 imperatoris
609 1351 653 1414 ita
675 1359 742 1414 erat
762 1371 872 1417 severa
894 1352 980 1416 domi
1002 1351 1185 1436 disciplina,
1213 1357 1249 1414 ut
1270 1351 1302 1414 in
1324 1371 1358 1416 re
1380 1358 1468 1414 tanta
1489 1355 1521 1414 et
1593 1369 1596 1376 ·

207 1457 271 1513 ‘mm
293 1447 379 1532 gravi
401 1444 512 1511 nuntio
534 1465 627 1508 nemo
648 1444 881 1522 admitteretur,
910 1467 1003 1511 nemo
1024 1453 1123 1521 esset,
1145 1446 1202 1530 qni
1222 1445 1353 1509 auderet
1373 1453 1429 1509 aut
1449 1446 1521 1509 dor·
1529 1456 1558 1504 44

207 1543 356 1607 mientem
378 1541 516 1604 excitare
537 1547 592 1602 aut
612 1539 813 1621 interpellare
835 1541 1026 1623 vigilantem.
1068 1541 1134 1605 lam
1162 1559 1237 1603 vero
1257 1560 1293 1604 re
1314 1541 1353 1603 ab
1376 1539 1521 1603 omuibus

207 1636 332 1719 cognita
353 1633 562 1704 concursabat
583 1633 660 1696 urbe
681 1640 748 1696 tota
768 1634 906 1698 maxima
926 1634 1111 1712 multitud03
1140 1654 1204 1698 non
1227 1634 1329 1709 euim,
1350 1633 1434 1698 sicut
1454 1639 1522 1696 erat

206 1748 307 1812 nuper
329 1727 542 1802 consuetudo,
564 1727 760 1810 praedonum
781 1727 950 1807 adrentum]
966 1728 1163 1810 significabat
1175 1728 1258 1810 ignis
1273 1747 1290 1792 e
1305 1727 1434 1812 specula
1447 1725 1522 1790 sub·

206 1822 289 1885 latus
311 1829 365 1886 aut
386 1821 526 1897 tumulo,
556 1821 612 1884 sed
638 1822 762 1885 bamma
783 1841 823 1884 ex
848 1822 918 1905 ipso
941 1820 1088 1886 incendio
1110 1822 1238 1886 narium
1260 1830 1292 1884 et
1312 1822 1521 1886 calamitatem

206 1917 365 1998 acceptam
387 1922 420 1978 et
439 1914 615 1999 periculum
637 1913 796 1998 reliquum
810 1915 983 1980 nuntiabat
1015 1915 1163 1978 xxxvl.
1186 1916 1264 1980 Cum
1285 1923 1411 1999 praetor
1424 1925 1558 1998 quae-rr

206 2017 328 2074 reretur
349 2017 381 2074 et
401 2015 559 2073 constaret
580 2008 737 2072 neminem
759 2009 787 2074 ei
809 2010 972 2073 nuntiasse
980 1990 1008 2088 ,ί
1011 2008 1049 2088 fir
1069 2008 1107 2072 ad
1130 2007 1260 2074 domum
1281 2010 1351 2074 eius
1366 2027 1438 2072 cnm
1458 2006 1522 2072 ola·
1612 2032 1685 2105 fl,

206 2121 294 2168 more
315 2122 487 2167 concursus
509 2109 604 2184 atque
618 2089 769 2203 impetus)
799 2099 850 2165 94.
872 2104 953 2168 Tum
969 2104 1028 2168 iste
1042 2102 1197 2167 excitatus
1212 2102 1301 2168 audit
1314 2123 1381 2167 rem
1395 2121 1522 2166 omnem
1645 2094 1662 2116 ⁸

207 2218 247 2264 ex
269 2195 485 2262 Timarchide:
513 2214 622 2277 sagum
645 2197 750 2258 sumit.
792 2195 932 2260 Lucebat
952 2195 1015 2260 iarn
1036 2193 1122 2260 iere:
1152 2197 1297 2280 procedit
1317 2197 1350 2263 iu
1372 2196 1522 2271 medium,

204 2291 288 2364 vini,
317 2289 437 2364 somni,
466 2289 568 2373 stupri
596 2288 719 2372 plenus.
754 2289 920 2373 Excipitur
948 2291 986 2354 ab
1009 2291 1155 2355 omnibus
1176 2292 1245 2354 eius
1266 2289 1352 2355 modi
1375 2289 1522 2364 clamore,

1 2389 6 2403 '
87 2419 93 2432 ·
205 2393 241 2448 ut
262 2386 291 2449 ei
314 2382 518 2466 Lampsaceni
538 2383 672 2466 periculi
694 2383 867 2446 similitudo
889 2392 1067 2450 versaretur
1087 2390 1161 2448 ante
1182 2385 1303 2448 oculos.
1334 2384 1403 2449 lloo
1425 2385 1558 2448 etiamro

204 2478 306 2542 maius
328 2476 510 2550 videbatur,
532 2477 619 2560 quod
640 2475 673 2538 in
696 2476 769 2540 odio
791 2477 887 2541 simili
905 2478 1075 2542 multitudo
1096 2478 1261 2542 bominum
1282 2477 1361 2544 haec
1375 2485 1443 2542 erat
1456 2495 1522 2541 ma-

202 2573 298 2634 xima.
337 2572 417 2634 Tum
444 2569 538 2632 istius
564 2577 635 2634 acta
662 2572 983 2647 commemorabatur,
1011 2578 1078 2635 tum
1107 2571 1264 2653 flagitiosa
1284 2572 1340 2636 illa
1361 2572 1521 2637 convivia:

204 2673 270 2730 tum
292 2663 532 2749 appellabantur
561 2685 580 2726 a
607 2664 810 2728 multitudine
835 2666 983 2730 mulieres
1004 2665 1206 2730 nominatim:
1241 2674 1306 2730 turn
1328 2666 1524 2751 quaerebant

205 2778 245 2822 ex
267 2759 328 2821 isto
349 2757 472 2841 palam,
494 2763 542 2820 tot
564 2758 631 2822 dies
654 2760 840 2835 continuos,
863 2779 921 2842 per
941 2780 1022 2845 quos
1044 2778 1216 2843 numquam
1236 2760 1324 2824 visus
1346 2767 1446 2835 esset,
1466 2759 1522 2823 ubi

203 2852 331 2927 luisset,
354 2850 431 2936 quid
454 2851 592 2933 egisset?
614 2857 681 2914 tum
703 2852 875 2935 imperator
895 2855 935 2917 ab
957 2853 1018 2919 isto
1040 2855 1238 2939 praepositus
1260 2853 1445 2919 Cleomenes
1467 2855 1559 2918 lla-n

203 2947 359 3030 gitabatur
387 2964 493 3029 neque
516 2945 690 3029 quidquam
717 2949 848 3030 propius
871 2949 1074 3025 estfactum,
1103 2968 1198 3032 quam
1219 2949 1354 3013 utillud
1376 2948 1522 3012 Uticense

203 3041 383 3124 exemplum
406 3038 445 3102 de
464 3039 625 3105 Hadriano
642 3041 864 3106 transferretur
878 3043 1059 3128 Syracusas,
1080 3049 1116 3106 ut
1130 3042 1193 3106 duo
1209 3042 1373 3126 sepulchra
1387 3044 1522 3108 duorum

202 3143 381 3219 praetorum
404 3133 619 3217 improborum
642 3133 763 3198 duabus
784 3135 816 3198 in
840 3135 1010 3219 provinciis
1026 3137 1300 3199 constituerentur.
1329 3139 1445 3200 Verum
1466 3135 1523 3199 ba-

202 3230 268 3292 blta
285 3236 364 3292 esta
381 3227 584 3290 multitudine
600 3227 679 3290 ratio
696 3229 855 3311 temporis,
876 3228 981 3294 babila
997 3228 1160 3304 tumultus,
1181 3229 1290 3293 habita
1304 3231 1398 3294 etiam
1419 3227 1523 3312 digui-
1668 3279 1676 3311 f.

202 3322 277 3385 tatis
291 3321 599 3404 existimationisque
614 3323 800 3397 communis,
823 3309 951 3406 quodlis
973 3329 1021 3386 est
1034 3331 1207 3388 conventus
1223 3324 1386 3409 Smcusis
1406 3323 1558 3390 civiumao
1631 3341 1646 3383 a
1665 3303 1688 3380 f

202 3415 424 3490 Romanorum,
436 3422 472 3477 ut
484 3433 548 3477 non
564 3413 660 3478 modo
671 3415 726 3478 illa
737 3415 909 3498 provincia,
922 3435 1032 3479 verum
1043 3418 1137 3480 etiam
1148 3417 1207 3481 bac
1221 3437 1255 3480 re
1267 3417 1393 3501 publica
1404 3417 1522 3500 dignis·

268 3717 291 3768 3.
309 3715 453 3778 turpionem
469 3715 498 3765 R.
520 3739 547 3752 -
569 3713 654 3764 clorrtr
669 3714 720 3765 aa:
744 3728 776 3765 ac
791 3715 887 3766 elocuta
903 3714 968 3766 dett.
987 3715 1016 3766 0.
1043 3741 1070 3753 -
1092 3714 1220 3780 floqrobut
1236 3713 1301 3767 dett.
1321 3743 1348 3754 -
1372 3716 1397 3770 4.
1416 3718 1523 3783 otscrtur·

201 3795 231 3846 44.
252 3819 279 3828 -
297 3791 384 3857 proriis
399 3790 499 3841 44444444
513 3789 583 3852 malr]
600 3789 700 3840 buturcr
715 3791 793 3840 444444
810 3791 871 3854 (om.
883 3791 979 3855 moab)
996 3787 1043 3841 lul.
1056 3791 1146 3841 sever.
1166 3790 1233 3853 (cod.
1252 3791 1331 3856 bron.)
1346 3818 1375 3829 -
1393 3795 1417 3844 44.
1435 3807 1522 3844 emn-

201 3868 268 3920 utvto
283 3868 326 3918 illo
339 3881 382 3930 pr.
400 3867 478 3930 lagg.
496 3867 604 3930 praetsr
613 3865 658 3926 49,
677 3866 706 3916 0.
721 3893 748 3904 —
768 3867 792 3916 6.
809 3866 949 3929 atrnpboote
964 3866 994 3916 lt.
1009 3892 1036 3902 -
1055 3865 1079 3916 8.
1095 3866 1264 3931 perungas.
1278 3893 1306 3905 -
1325 3869 1349 3919 9.
1367 3874 1391 3920 ct
1406 3874 1459 3920 tam
1469 3869 1520 3921 834

201 3945 229 3994 tn
244 3949 296 3994 torn
313 3942 377 3994 deb.
396 3943 425 3993 0.
445 3968 473 3977 -
493 3942 532 3993 44.
550 3941 652 3990 nuntior
668 3942 704 3992 (44
722 3941 768 3992 bd.
787 3943 865 4007 brigg.
883 3945 990 4008 praeter
1005 3940 1046 3994 44.
1062 3968 1090 3978 -
1109 3942 1149 3992 44.
1167 3947 1224 3993 erat
1238 3955 1319 4007 nrqm
1334 3945 1433 3995 corneli
1450 3957 1519 3997 corr.

201 4021 217 4070 4
234 4032 271 4070 m.
289 4018 325 4068 aa
337 4016 370 4069 λι
393 4022 450 4070 erat
465 4029 545 4080 anper
562 4016 603 4080 [er
620 4015 741 4081 temperi]
759 4031 826 4068 conr.
843 4019 864 4068 a
880 4030 921 4083 pr.
940 4031 991 4076 m.;
1015 4021 1091 4068 antea
1106 4030 1172 4068 conr.
1190 4023 1245 4069 erat
1261 4017 1325 4070 dett
1343 4019 1373 4070 0.
1393 4045 1421 4058 -
1440 4020 1481 4071 43.
1498 4025 1523 4070 et

203 4093 230 4157 [i.
241 4108 264 4145 e.
275 4092 315 4159 ec]
326 4095 426 4156 speculo
437 4093 456 4144 lt
468 4105 508 4157 pr.
522 4104 573 4152 m.;
586 4091 726 4154 arpdunco
737 4093 813 4156 Lgttl.
826 4119 853 4129 -
865 4092 905 4145 44.
919 4092 1011 4144 carnoto
1022 4093 1042 4143 R
1054 4106 1095 4159 pr.
1108 4105 1145 4144 m.
1158 4119 1185 4130 -
1197 4092 1237 4144 lt.
1250 4093 1403 4145 ammiane
1412 4093 1477 4146 dett.
1490 4095 1519 4147 0.

204 4193 232 4204 -
250 4170 291 4219 47.
309 4181 365 4218 carn
380 4169 425 4218 tate
441 4168 471 4218 ll.
491 4193 519 4202 ·-
538 4167 661 4217 maram
676 4164 759 4218 labi:
776 4167 901 4218 wdtotru
916 4169 968 4218 cett
984 4167 1048 4219 dett.
1067 4168 1095 4220 0.
1115 4191 1142 4204 -
1162 4168 1203 4219 48.
1220 4181 1309 4233 roprrm
1324 4169 1521 4221 arath-oro-

203 4248 286 4294 torum
302 4243 326 4308 g.
345 4244 385 4294 49.
403 4257 428 4294 a.
448 4241 488 4293 43.
506 4240 590 4292 habet
605 4243 636 4292 V.
657 4267 684 4278 -
709 4242 749 4296 44.
767 4243 860 4306 recipit
875 4244 907 4305 V,
925 4243 990 4294 dett.
1011 4271 1040 4281 -
1057 4243 1191 4294 clomm
1206 4245 1227 4296 lt
1243 4257 1282 4309 pr.
1301 4257 1338 4296 m.
1356 4246 1387 4309 V,
1405 4245 1469 4298 dett.
1491 4273 1518 4286 -·

201 4319 242 4370 40.
261 4317 292 4380 ct]
309 4323 333 4368 ct
348 4320 377 4369 lt.
398 4343 425 4356 -
448 4318 585 4380 Leprocrar'
601 4316 669 4381 1.ng
680 4317 727 4377 as;
750 4319 895 4370 Larmaccns'
910 4319 941 4371 V.
962 4345 989 4357 -
1016 4320 1057 4372 44.
1074 4321 1156 4370 multra
1170 4320 1222 4370 lat:
1247 4321 1331 4370 matera
1346 4321 1392 4372 boc
1408 4323 1431 4372 V
1448 4322 1519 4390 (Bri,

202 4393 267 4445 dett.
285 4393 315 4442 0.
336 4417 363 4428 —
382 4393 438 4442 odio
458 4393 630 4443 acaemittudo
647 4393 677 4442 V.
697 4419 723 4428 -
742 4407 867 4446 munuera
883 4396 912 4446 n.
932 4421 960 4432 -
981 4395 1022 4446 44.
1041 4395 1281 4446 commorabatur
1301 4397 1370 4447 coni.
1394 4397 1520 4448 Hotoma-

202 4480 252 4519 nus
270 4466 319 4530 (ael
337 4468 500 4531 blemmiusl:
518 4467 777 4519 cornmernoroboatur
793 4470 883 4531 codd,
902 4471 982 4522 etiam
995 4470 1026 4521 V.
1046 4471 1106 4533 (ltr.)
1125 4495 1151 4505 -
1170 4470 1216 4520 tlte
1232 4470 1254 4518 V
1269 4481 1328 4536 sup.
1347 4471 1390 4523 lin.
1410 4473 1471 4542 (tir.)
1491 4499 1518 4510 -

201 4543 242 4594 43.
261 4541 382 4591 minati
400 4543 430 4591 V.
445 4570 472 4579 -
492 4543 644 4606 quaerebam
661 4544 711 4605 aa,
729 4541 745 4594 λ
762 4545 908 4607 etVtBr.):
927 4544 1094 4608 pacarem
1110 4545 1174 4596 dett.
1187 4545 1216 4595 0.
1231 4570 1259 4581 -
1277 4545 1318 4597 44.
1335 4547 1382 4598 tato
1398 4547 1434 4598 aa
1452 4547 1520 4611 4344

202 4619 224 4666 V
241 4617 315 4680 litai:
334 4617 388 4679 ipro
404 4615 420 4666 λ
437 4617 543 4669 detto.
558 4645 585 4655 -
604 4619 647 4669 ubt
661 4619 747 4682 4444444
762 4631 815 4669 om.
833 4621 911 4684 lagg.
930 4621 1036 4685 praeter
1052 4619 1092 4670 49.
1107 4645 1134 4658 -
1153 4621 1194 4671 aa.
1211 4621 1357 4688 muster]
1373 4624 1410 4673 tm
1422 4623 1520 4686 pubttco

201 4691 225 4742 V
242 4690 283 4756 [ex
299 4693 370 4754 imp..
389 4694 419 4742 nt
434 4694 561 4757 scriptum
579 4696 620 4744 eat
637 4695 677 4744 lll.
698 4707 721 4744 c.
735 4695 775 4746 844.
794 4695 824 4745 V.
844 4695 868 4759 5.
882 4695 922 4747 84.
942 4695 1003 4762 cet]
1021 4719 1050 4732 -
1064 4697 1207 4759 properiore
1222 4698 1252 4747 a.
1266 4721 1293 4732 -
1311 4697 1478 4762 {tottpabotar
1487 4697 1518 4748 V.

205 4793 232 4804 -·
245 4767 286 4817 46.
298 4779 348 4816 erre
356 4767 451 4830 lactura
462 4769 492 4818 V.
512 4767 566 4832 [Est
576 4770 603 4818 in
615 4769 647 4818 V:
661 4770 735 4832 lr'Srq
747 4771 932 4837 8444404444]
947 4799 975 4808 -
988 4785 1065 4834 mrem
1077 4773 1286 4823 recensemur
1296 4773 1360 4824 illud
1369 4775 1400 4824 V.
1414 4775 1476 4838 (Br.)
1488 4799 1516 4810 -

202 4843 242 4892 47.
260 4841 371 4892 aarum
388 4841 436 4903 aa,
455 4843 485 4904 V,
505 4844 581 4907 Lng.
608 4845 728 4896 Ereitam
744 4848 816 4897 bunc
831 4845 920 4898 locum
937 4850 1012 4899 Serv.
1030 4845 1064 4896 ad
1080 4847 1145 4898 Aen.
1162 4848 1227 4898 Vlll.
1241 4849 1281 4899 48.
1300 4847 1387 4900 Sobel.
1405 4848 1440 4899 nd
1454 4850 1517 4900 Stat.

182 4962 184 4966 ,
202 4914 286 4967 Tbeb.
304 4917 334 4966 ll.
352 4914 409 4968 496.
427 4916 475 4968 sed
496 4917 583 4982 paullo
599 4921 776 4973 immutatum.
795 4921 843 4986 [Cl.
862 4921 895 4971 ad
912 4920 958 4973 lib.
975 4923 995 4972 l.
1014 4921 1038 4986 5.
1057 4922 1108 4988 lb]
1128 4949 1155 4960 -
1173 4924 1303 4986 seputcbra
1319 4924 1383 4976 RV:
1405 4924 1520 4988 umbra

204 4992 233 5042 0.
253 5017 281 5028 -
298 4990 339 5041 48.
357 4989 453 5053 taprob.
473 4993 500 5043 lt.
521 5019 549 5031 -
567 4995 607 5045 49.
625 4997 733 5046 morato
749 4997 780 5046 V.
801 5021 828 5032 -
846 4995 931 5046 bobbo
947 4994 982 5045 V:
1009 4995 1094 5046 babitu
1108 4997 1184 5048 ettam
1199 4995 1276 5057 aab,
1300 4998 1385 5049 babitu
1401 5001 1436 5048 cat
1451 4996 1517 5049 deb.

203 5066 232 5117 0.
253 5091 280 5103 -
298 5067 373 5118 444444
389 5069 450 5118 ante
466 5067 535 5134 dtpn.
553 5082 606 5121 om.
624 5068 696 5121 4434.
718 5099 745 5108 -
767 5070 807 5121 44.
825 5071 922 5122 lauret
938 5070 984 5122 aa.
1004 5097 1031 5110 -
1058 5071 1098 5124 34.
1116 5072 1192 5124 ettam
1206 5074 1234 5124 to
1249 5075 1298 5125 boe
1313 5073 1344 5138 V,
1362 5073 1412 5127 scd
1426 5073 1454 5123 to
1470 5085 1518 5125 ex·

201 5141 342 5206 punctum,
359 5145 390 5193 ut
404 5141 473 5195 blaio
487 5144 575 5198 risum
592 5147 646 5206 est,
662 5146 710 5196 boc
725 5146 801 5200 abaco
816 5148 894 5199 lth.
