3578 5862
591 805 634 896 M.
661 805 804 896 TULLII
831 805 1058 899 CICERONIS

339 1031 455 1118 Dm
521 1031 778 1125 LEGE
841 1019 1309 1128 AGRARIA

749 1265 896 1316 CONTRA

417 1443 456 1519 P.
486 1443 775 1521 SERVlLlUM
801 1446 1016 1523 RULLUM
1043 1445 1124 1523 ΤΒ.
1152 1446 1228 1524 PL.

640 1659 809 1718 ORATIO
835 1661 1002 1718 TERTlA

724 1849 762 1892 Ab
777 1847 920 1894 POPULUbl.

693 2061 953 2072 -—--.-—--..

248 2241 272 2303 Ι.
295 2233 324 2304 l.
349 2239 550 2306 Commodius
579 2243 730 2318 fecissent
750 2247 869 2311 tribuni
891 2247 1010 2330 plebis,
1039 2245 1195 2324 Quirites,
1225 2245 1269 2322 si,
1300 2265 1381 2330 quae
1403 2242 1487 2329 apud

164 2358 220 2401 vos
249 2338 289 2401 de
319 2358 370 2400 me
392 2337 554 2415 delerant,
583 2360 621 2403 ea
643 2362 747 2404 coram
775 2343 878 2424 potius
901 2363 951 2404 me
973 2347 1139 2424 praesente
1161 2339 1336 2415 dixissent3
1362 2346 1490 2402 namet

163 2432 354 2515 aequitatem
383 2441 507 2496 vestrae
536 2433 776 2517 disceptationis
805 2445 837 2499 et
864 2435 1124 2499 consuetudinem
1154 2435 1351 2518 superiorum
1382 2439 1415 2496 et
1438 2433 1488 2495 ins

163 2545 241 2588 suae
262 2527 428 2608 potestatis
450 2529 663 2592 retinuissent.
698 2529 761 2592 Sed
783 2530 932 2612 quoniam
948 2528 1052 2591 adhuc
1073 2548 1225 2611 praesens
1239 2535 1398 2591 certamen
1414 2547 1490 2590 con·

164 2619 401 2703 tentionemque
422 2620 587 2704 ingerunt,
617 2644 719 2698 nunc,
749 2625 775 2686 si
799 2622 923 2684 videtur
944 2622 1006 2696 eis,
1037 2623 1071 2684 in
1094 2641 1195 2684 meam
1218 2621 1395 2685 contionem
1418 2636 1512 2704 pro-s

163 2712 257 2776 deant
278 2722 325 2790 et,
355 2735 420 2798 quo
441 2719 604 2798 provocati
626 2738 646 2779 a
667 2739 717 2780 me
740 2717 848 2779 venire
870 2714 1057 2790 noluerunt,
1088 2717 1226 2780 revocati
1253 2715 1364 2779 saltem
1385 2733 1490 2777 rever-

161 2813 277 2869 tantur.
321 2805 351 2871 2.
371 2808 472 2872 Video
496 2811 668 2892 quosdam,
692 2811 851 2888 Quirites,
874 2810 1006 2893 strepitu
1028 2805 1206 2894 significare
1227 2809 1336 2874 nescio
1359 2807 1436 2894 quid
1459 2815 1491 2870 et

163 2919 226 2963 non
256 2901 385 2965 eosdem
414 2903 536 2977 vultus,
565 2925 647 2988 quos
676 2907 822 2989 proxima
843 2924 914 2967 mea
935 2903 1083 2966 contione
1105 2903 1333 2987 praebuerunt,
1355 2905 1388 2966 in
1409 2903 1490 2965 hanc

162 2995 343 3058 contionem
371 2996 448 3058 mibi
470 2999 640 3062 rettulisse.
678 2999 783 3076 Quare
806 3020 825 3063 a
846 2999 953 3074 robis,
985 2999 1040 3081 qui
1062 2997 1144 3061 nihil
1166 3000 1206 3062 de
1229 3019 1279 3062 me
1301 2997 1490 3070 credidistis,

162 3095 197 3150 ut
218 3108 288 3155 earn
310 3088 521 3166 voluntatem,
549 3112 645 3175 quam
675 3114 800 3176 semper
819 3091 974 3156 habuistis
997 3112 1072 3176 erga
1094 3113 1162 3167 me,
1191 3093 1370 3167 retineatis,
1399 3099 1527 3175 petotro

162 3204 181 3246 a
200 3185 290 3248 vobis
311 3193 432 3258 autem,
455 3205 537 3268 quos
558 3185 670 3249 leviter
690 3187 871 3251 immutatos
895 3207 964 3250 esse
986 3188 1105 3262 sentio,
1131 3207 1260 3269 parvam
1284 3184 1391 3267 exigui
1413 3193 1491 3247 tem-

162 3279 248 3360 poris
270 3297 399 3342 usuram
421 3278 522 3342 bonae
546 3279 657 3343 deme
680 3282 841 3363 opinionis
863 3282 1008 3363 postulo,
1038 3289 1072 3343 ut
1094 3301 1179 3357 eam,
1209 3283 1236 3345 si
1267 3300 1349 3365 quae
1379 3280 1489 3342 dixero

162 3371 250 3435 vobis
273 3371 431 3454 probabo,
461 3383 613 3457 perpetuo
635 3377 815 3451 retineatis,
846 3377 896 3439 sin
917 3375 1023 3449 aliter,
1044 3374 1105 3438 hoo
1127 3376 1197 3457 ipso
1219 3375 1254 3438 in
1274 3374 1343 3437 loco
1366 3374 1491 3457 deposi-

162 3473 225 3528 tam
247 3471 342 3548 atque
364 3468 520 3531 abiectam
542 3467 738 3554 relinquatis.
771 3451 970 3579 3ifl⁰¹¹¹l¹jii
984 3477 1058 3532 sunt
1072 3470 1168 3534 animi
1183 3488 1341 3553 auresque
1356 3441 1528 3555 vestrae)
1611 3450 1706 3560 ³273

161 3545 316 3635 Quirites,
339 3580 389 3624 me
405 3559 633 3645 gratificantem
648 3573 768 3649 septem
784 3574 927 3649 tyrannas
942 3563 1120 3647 ceterisque
1137 3563 1336 3627 Sullanarum
1350 3545 1528 3645 assigna-⁴⁵

162 3652 285 3718 tionum
314 3656 552 3737 possessoribus
580 3659 718 3740 agrariae
746 3659 809 3743 legi
831 3669 863 3722 et
884 3657 1058 3743 commodis
1079 3657 1194 3721 restris
1217 3656 1380 3720 obsistere.
1423 3655 1490 3718 lloc

162 3750 190 3812 si
214 3748 270 3833 qui
293 3749 512 3826 crediderunt,
535 3751 614 3814 illud
636 3751 724 3835 prius
749 3752 941 3816 crediderint
961 3772 1091 3816 necesse
1114 3760 1178 3827 est,
1199 3752 1260 3815 bac
1274 3749 1345 3833 lege
1360 3750 1491 3832 agraria,

162 3862 246 3927 quae
268 3842 465 3927 promulgata
488 3852 554 3920 est,
576 3843 672 3908 adimi
696 3845 842 3910 Sullanos
864 3866 956 3929 agros
977 3845 1132 3930 vobisque
1156 3844 1254 3909 dividi
1276 3852 1331 3906 aut
1352 3844 1489 3926 denique

162 3936 264 4002 minui
292 3936 486 4020 privatorum
514 3940 747 4022 possessiones,
777 3949 813 4004 ut
842 3940 875 4002 in
898 3959 951 4003 eas
973 3960 1030 4004 vos
1053 3939 1264 4003 deducamini.
1300 3939 1333 4002 Si
1356 3939 1491 4002 ostendo

161 4051 227 4096 non
249 4032 343 4096 modo
364 4053 429 4096 non
450 4033 547 4098 adimi
569 4036 717 4118 cuiquam
739 4034 863 4116 glebam
885 4033 924 4096 de
947 4033 1086 4096 Sullanis
1108 4032 1210 4116 agris,
1243 4031 1299 4096 sed
1323 4034 1417 4097 etiam
1438 4045 1529 4118 goso

163 4147 224 4190 nus
245 4127 279 4190 id
300 4147 447 4211 agrorum
470 4134 555 4191 certo
578 4127 681 4209 eapite
707 4127 786 4210 legis
808 4126 1083 4211 impudentissime
1104 4123 1281 4191 confirmari
1302 4135 1398 4213 atque
1420 4148 1493 4192 san·

163 4221 237 4299 ciri;
260 4222 287 4287 si
310 4224 409 4287 doceo
431 4223 515 4305 agris
538 4223 594 4296 iis,
619 4221 675 4306 qui
697 4240 716 4283 a
738 4220 825 4287 Sulla
847 4227 921 4285 sunt
943 4218 1026 4295 dati,
1049 4221 1095 4284 sic
1109 4220 1280 4303 diligenter
1292 4223 1419 4286 Rullum
1435 4241 1493 4286 sua

163 4314 234 4399 lege
256 4317 437 4393 consulere,
467 4325 502 4381 ut
527 4317 620 4381 facile
642 4323 793 4400 appareat
814 4335 883 4378 eam
904 4313 1006 4396 legem
1029 4334 1095 4377 non
1117 4334 1136 4377 a
1156 4321 1333 4378 vestrorum
1355 4334 1493 4378 commo·
1566 4372 1567 4376 ,

163 4407 276 4473 dorum
296 4417 443 4494 patrono,
465 4412 523 4476 sed
545 4431 564 4476 a
586 4409 689 4493 Valgii
713 4427 830 4492 genero
854 4428 924 4471 esse
939 4408 1162 4492 conscriptam:
1185 4408 1339 4491 numquid
1355 4416 1403 4472 est
1419 4429 1493 4472 oau-

164 4521 235 4578 sae,
258 4503 412 4579 Quirites,
436 4505 514 4588 quin
536 4505 592 4567 illa
613 4503 849 4577 criminatione,
872 4521 936 4586 qua
958 4502 992 4564 in
1008 4525 1059 4568 me
1074 4504 1235 4568 absentem
1250 4523 1327 4568 usus
1343 4511 1406 4578 est,
1427 4509 1532 4565 nontt

164 4595 268 4661 solum
288 4616 407 4672 meam,
430 4599 486 4662 sed
508 4598 603 4662 etiam
624 4605 762 4662 vestram
784 4597 983 4680 diligentiam
1005 4599 1268 4683 prudentiamque
1287 4597 1492 4681 despexerit?

231 4855 256 4906 2.
275 4853 305 4906 de
320 4867 375 4907 om.
393 4855 422 4906 Ε.
442 4881 471 4893 -
497 4855 636 4908 dotalem
651 4854 678 4910 O.
700 4879 727 4891 -·
752 4854 793 4906 43.
809 4855 921 4919 probaro
939 4854 1082 4906 Ernestlus.
1102 4882 1130 4892 -
1155 4855 1195 4907 tt.
1212 4855 1371 4921 grottmoote
1388 4855 1443 4905 FP.
1463 4881 1491 4891 ·-

167 4928 208 4980 46.
225 4929 278 4982 Hoc
293 4929 382 4982 EFT:
409 4931 470 4982 baec
490 4931 606 4986 ΛΗΘ.
631 4959 659 4968 -
687 4929 727 4984 48.
744 4929 907 4996 promulgato
929 4935 964 4982 ec
980 4927 1095 4982 Klotzius
1120 4929 1171 4996 (ed.
1190 4929 1259 4994 alt.):
1283 4930 1448 4995 promulgato
1463 4929 1495 4979 rit

168 5005 259 5058 ceteri.
273 5032 301 5043 -
319 5007 362 5059 22.
379 5006 419 5073 tu]
436 5007 473 5058 leta
488 5004 574 5068 EFt¹;
593 5022 647 5060 om.
665 5009 696 5059 A.
712 5033 739 5043 -
757 5007 885 5057 conartero
900 5019 948 5058 mo
963 5005 1015 5070 aaa
1031 5007 1060 5056 Ε.
1074 5031 1102 5041 -
1121 5005 1162 5058 ll.
1184 5005 1273 5071 Vatptr]
1289 5004 1360 5068 «adet
1377 5003 1491 5055 Erre.

166 5079 324 5134 Emendavlt
339 5082 485 5148 Naugerius
500 5084 528 5136 in
545 5083 589 5136 ed.
606 5082 707 5135 Aldina.
727 5106 755 5117 -
774 5083 816 5134 tt.
834 5083 895 5145 qualo
916 5094 970 5135 om.
988 5081 1073 5134 ΕΗ).
1100 5108 1126 5122 -
1151 5081 1193 5134 20.
1211 5078 1358 5145 moreest]
1377 5077 1418 5130 «Ιά
1436 5080 1490 5130 est:

167 5156 304 5222 mmmm
318 5157 457 5213 mma
474 5157 578 5225 mdvig
594 5157 630 5212 ad
646 5159 701 5212 cic.
719 5157 754 5211 de
771 5159 844 5211 Pina.
862 5171 890 5226 p.
908 5157 965 5212 86l.

209 5249 299 5304 cremo
317 5249 343 5304 τ.
357 5251 385 5306 11.
1262 5247 1298 5318 ll
