3648 5888
288 419 350 492 446
660 425 704 488 444
724 415 892 491 masat
912 421 1035 491 ACTIO
1058 421 1242 490 SECUNDA

287 593 426 660 minibus
448 599 576 658 acturus
597 611 678 657 sum.
723 593 801 658 Chic
829 595 971 678 pervim
993 593 1085 678 sigua
1105 591 1319 677 pulcherrima
1339 591 1412 656 dico
1434 590 1613 668 abstulisse,

287 689 364 754 item
384 688 529 774 Erythris
551 693 584 752 ct
604 685 837 753 Halicarnasso.
880 689 1010 753 Tenedo
1032 685 1209 772 (praetereo
1230 685 1416 771 pecuniam,
1438 703 1534 770 quam
1551 687 1615 751 eri·

146 809 158 822 ⁴
286 781 367 867 puit)
389 783 508 848 Tenem
530 783 652 866 ipsum,
673 783 731 873 pri
752 782 837 866 apud
859 782 1020 847 Tenedios
1043 781 1262 846 sanctissimus
1284 780 1363 844 deus
1383 779 1535 857 babetur,
1557 779 1613 870 qui

287 875 399 941 urbem
426 877 514 941 illam
544 876 661 942 dicitur
690 876 890 954 condidisse,
919 877 1010 941 cuius
1039 896 1081 941 ex
1101 877 1230 940 nomine
1251 874 1400 938 Tenedus
1422 873 1614 950 nominatur,

263 969 372 1034 obunc
393 971 513 1054 ipsum,
546 971 694 1055 inquam,
727 971 845 1034 Tenem
875 967 1087 1054 pulcherrime
1114 969 1250 1045 iactum,
1277 987 1372 1053 quem
1395 968 1558 1052 quondam
1579 965 1614 1030 in

287 1063 417 1128 comitio
438 1065 582 1140 uidistis,
604 1065 735 1128 abstulit
755 1083 870 1147 magno
893 1085 965 1129 cum
986 1065 1108 1148 gemitu
1130 1064 1277 1128 civitatis.
1314 1059 1365 1125 50.
1387 1062 1446 1125 ltla
1467 1081 1543 1126 vero
1558 1079 1614 1125 ex-

285 1158 528 1318 attilii*
549 1157 1029 1319 ”Atirttsstlllzzti
1050 1157 1336 1334 libitu
1349 1155 1614 1335 tibimiri:

285 1347 406 1411 nemini
427 1273 749 1412 vestruffruincudisat
780 1349 820 1412 de
842 1367 907 1434 qua
929 1273 1165 1432 expugffitione
1187 1363 1259 1410 cum
1280 1345 1375 1429 legati
1397 1344 1436 1409 ad
1460 1344 1493 1408 G.
1514 1345 1614 1408 Nero-

248 1453 360 1508 tonem
373 1442 408 1505 in
421 1442 529 1507 Asiam
545 1441 639 1504 Samo
654 1441 826 1517 venissent,
842 1459 1030 1526 responsum
1048 1441 1198 1516 tulerunt,
1213 1439 1371 1504 eiusmodi
1386 1437 1613 1523 querimonias,

286 1555 369 1622 quae
403 1536 443 1601 ad
474 1536 613 1619 legatum
641 1534 753 1618 populi
780 1536 914 1599 llomani
936 1535 1146 1619 pertinerent,
1179 1552 1245 1597 non
1267 1533 1307 1597 ad
1328 1539 1523 1616 praetorem,
1555 1528 1612 1595 sed

138 1648 153 1706 ,a
284 1633 417 1696 Romam
438 1629 554 1695 deterri
576 1635 734 1713 oportere.
749 1661 792 1677 -
814 1629 901 1706 Quas
923 1631 984 1695 iste
999 1630 1122 1693 tabulas
1136 1627 1243 1704 illinc,
1266 1645 1350 1712 quac
1364 1627 1455 1711 sigua
1469 1624 1613 1690 sustulitl

285 1744 369 1810 quae
397 1723 533 1807 cognovi
563 1731 691 1806 egomet
718 1722 804 1807 apud
833 1724 929 1788 istum
958 1725 992 1789 iu
1014 1723 1146 1788 aedibus
1168 1741 1286 1806 nuper,
1319 1741 1392 1786 cum
1424 1719 1613 1804 obsignandi

284 1819 387 1902 gratia
406 1819 576 1882 venissem.
619 1812 671 1880 54.
694 1816 785 1893 Quae
807 1819 899 1902 sigua
919 1837 1023 1895 nunc,
1049 1819 1179 1893 Verres,
1200 1817 1255 1880 ubi
1279 1820 1376 1881 suutt
1403 1816 1459 1881 illa
1482 1834 1613 1902 quaero,

224 1923 368 2000 *atquae
388 1913 475 1998 apud
496 1917 528 1976 te
550 1929 653 1995 nuper
674 1910 714 1974 ad
733 1931 843 1976 omnes
859 1912 1039 1988 columnas,
1062 1911 1209 1976 omnibus
1231 1912 1327 1977 etiarn
1349 1909 1612 1985 intercolumniis,

252 2042 255 2051 =
283 2009 318 2073 iu
339 2009 420 2073 silva
440 2007 581 2092 denique
603 2006 760 2089 disposita
781 2007 840 2070 sub
861 2004 936 2070 divo
958 2005 1107 2070 vidimus.
1151 2006 1215 2070 Cur
1235 2026 1290 2082 ea,
1321 2006 1492 2091 quamdiu
1513 2005 1612 2070 alium

282 2109 462 2187 praetorem
484 2119 556 2165 cum
577 2099 617 2164 iis
639 2098 813 2177 iudicibus,
837 2117 919 2184 quos
940 2101 974 2163 in
994 2101 1110 2164 horum
1131 2099 1237 2163 locum
1252 2101 1382 2165 sortitus
1398 2119 1502 2179 esses,
1525 2101 1565 2165 de
1580 2105 1612 2163 ta

282 2199 318 2263 iu
341 2197 510 2263 consilium
531 2195 650 2258 iturum
671 2195 801 2277 putasti,
823 2201 887 2258 tam
902 2195 958 2258 diu
980 2194 1067 2258 domi
1087 2193 1239 2258 inerunt!
1260 2203 1472 2282 posteaquam
1492 2193 1611 2260 noscis

282 2291 417 2357 testibus
445 2309 504 2355 uos
533 2290 630 2374 quani
657 2287 746 2352 boris
769 2283 857 2373 [tuis]
888 2289 936 2353 uti
957 2289 1051 2353 malle
1073 2288 1198 2364 vidisti,
1231 2289 1356 2353 nullum
1377 2291 1504 2375 siguum
1526 2287 1611 2353 domi

244 2385 441 2471 ttreliquisti
468 2389 596 2469 practer
621 2382 700 2458 duo,
733 2401 816 2467 quae
843 2384 877 2447 in
905 2383 1019 2448 mediis
1041 2383 1172 2448 aedibus
1194 2389 1285 2460 sunt,
1318 2403 1401 2470 quae
1422 2384 1495 2468 ipsa
1517 2384 1611 2448 Samo

200 2487 203 2493 '
283 2479 409 2545 sublata
429 2475 525 2543 suntt
546 2494 612 2541 non
632 2477 752 2560 putasti
773 2495 824 2540 me
847 2479 911 2542 tuis
931 2477 1187 2542 familiarissimis
1202 2478 1237 2542 in
1250 2477 1333 2542 banc
1348 2497 1415 2542 rem
1430 2475 1614 2542 testimonia

283 2571 559 2647 denuntiaturum,
589 2571 644 2656 qui
670 2578 744 2635 tuae
770 2571 858 2634 domi
886 2591 1011 2655 semper
1031 2571 1185 2648 luissent,
1214 2572 1393 2656 exquibus
1416 2589 1611 2656 quaemem,

283 2669 375 2751 signa
395 2668 555 2732 scirentne
575 2665 693 2740 fuisse,
714 2683 798 2749 quae
820 2684 886 2730 uon
907 2669 1037 2730 essenti
1072 2667 1145 2730 XX.
1166 2663 1218 2731 54.
1241 2666 1326 2743 Quid
1349 2673 1416 2730 tum
1438 2664 1499 2729 bos
1520 2665 1560 2729 de
1581 2671 1612 2728 te

282 2761 481 2826 iudicaturos
502 2759 671 2824 arbitratus
693 2776 746 2835 es,
776 2779 849 2823 cum
870 2760 1016 2825 riderent
1034 2769 1066 2826 te
1089 2763 1152 2826 iam
1175 2781 1239 2826 non
1261 2767 1373 2826 contra
1394 2766 1613 2824 accusatorem

245 2860 374 2918 ”tunm
394 2854 452 2918 sed
474 2859 584 2918 coutm
605 2860 809 2938 quaestorem
830 2861 1051 2941 sectoremque
1072 2859 1238 2940 pugnaret
1255 2887 1297 2904 -
1319 2855 1392 2932 Qua
1413 2854 1453 2918 de
1475 2870 1510 2918 re
1532 2853 1613 2918 Cba-

283 2949 440 3014 ridemum
463 2947 576 3013 Chium
595 2948 813 3012 testimonium
834 2948 942 3032 priore
963 2951 1090 3014 actione
1112 2950 1218 3014 dicere
1239 2950 1394 3015 audistis:
1429 2967 1517 3026 sese,
1539 2967 1612 3012 cerm

284 3050 369 3108 esset
397 3043 589 3108 trierarchus
618 3049 651 3107 et
675 3044 804 3107 Verrem
832 3061 874 3106 cx
901 3045 977 3108 Asia
999 3045 1205 3109 decedentem
1226 3049 1491 3130 prosequeretur,
1521 3043 1613 3108 iussu

160 3178 184 3211 ..ι
281 3136 468 3203 Dolabellae
493 3136 594 3202 inissa
620 3156 686 3201 una
708 3157 779 3201 cum
800 3137 863 3201 isto
885 3135 1128 3223 Sami(seseque
1149 3145 1218 3203 turn
1240 3139 1322 3203 scitu
1345 3136 1517 3222 spoliatum
1538 3154 1610 3200 esse

118 3237 193 3292 rel*
281 3230 391 3327 tanum
417 3232 549 3296 Iunonis
580 3239 612 3296 et
640 3231 794 3322 oppidum
816 3232 975 3316 Samum3)
989 3241 1166 3318 posteaque
1187 3253 1223 3296 sc
1245 3251 1374 3297 causam
1396 3233 1481 3317 apud
1504 3231 1612 3308 Chios,

244 3319 368 3391 ttcive's
398 3345 492 3403 suos,
521 3325 637 3390 Samiis
665 3321 889 3390 accusantibus
916 3327 1044 3410 publice
1066 3326 1186 3390 dixisse
1208 3345 1313 3410 eoque
1334 3345 1369 3390 se
1391 3345 1463 3392 esso
1485 3326 1613 3392 absolu·

282 3427 366 3496 tum,
389 3421 477 3505 quud
497 3420 630 3504 planum
650 3419 780 3485 iecisset
801 3439 853 3496 cu,
877 3441 961 3506 quae
982 3421 1078 3504 legati
1099 3421 1277 3486 Samiorum
1298 3421 1456 3498 dicerent,
1479 3421 1520 3485 ad
1534 3421 1613 3485 Ver-

154 3555 181 3613 χ
282 3533 360 3590 rem,
381 3532 447 3578 non
469 3513 509 3577 ad
531 3533 566 3579 se
586 3513 757 3597 pertinere.
772 3543 813 3563 -··
835 3511 887 3577 443.
901 3516 1085 3597 Aspendum
1106 3521 1198 3578 uetus
1220 3516 1375 3600 oppidum
1398 3523 1430 3580 et
1450 3513 1558 3579 nobile
1578 3514 1612 3576 iu

147 3616 158 3656 t
282 3603 469 3693 Pamphylia
497 3607 585 3672 scitis
613 3625 700 3685 esse,
727 3609 949 3692 plenissimum
978 3609 1141 3691 signorum
1169 3609 1373 3693 optimorum.
1415 3611 1488 3674 lieu
1508 3608 1613 3673 dicam

282 3701 373 3767 illinc
392 3703 456 3766 hoc
478 3702 604 3787 siguum
625 3703 767 3767 ablatum
788 3709 858 3768 e'sse
880 3708 913 3767 et
932 3703 1029 3767 illud:
1057 3705 1121 3769 hoc
1141 3704 1231 3779 dico,
1259 3704 1383 3768 nullum
1411 3711 1443 3768 te
1470 3701 1614 3788 Mpendl

244 3795 424 3878 attiguum,
455 3795 588 3872 Verres,
617 3797 805 3883 reliquisse3
834 3799 942 3862 omnia
962 3817 1004 3862 ex
1023 3797 1121 3875 lanis,
1153 3819 1194 3864 ex
1214 3799 1295 3863 locis
1316 3798 1475 3882 publicis,
1495 3796 1613 3882 palata,

284 3887 501 3971 spectantibus
530 3889 677 3955 omnibus
705 3892 836 3975 plostris
861 3899 971 3957 evecta
1003 3899 1233 3978 exportataque
1266 3913 1346 3957 esse.
1389 3893 1494 3977 Atque
1517 3892 1612 3956 etiam

164 3980 168 3990 '
283 3983 374 4047 illum
394 3983 594 4068 Aspendium
616 3983 828 4062 citharistam,
850 3985 891 4052 de
907 4005 972 4071 quo
987 4003 1082 4070 saepe
1096 3987 1231 4052 audistis
1244 3987 1295 4064 id,
1316 3986 1406 4072 quod
1419 3992 1469 4052 est
1483 3983 1613 4052 Graecis

349 4243 374 4293 4.
400 4246 425 4294 44
444 4255 498 4294 οιιι.
517 4243 563 4294 ct.
588 4267 616 4281 -
642 4242 668 4294 3.
687 4243 774 4296 Taum
790 4245 820 4307 S,
838 4243 872 4297 al.
890 4246 966 4296 Serv.
984 4245 1020 4297 ad
1034 4247 1101 4296 Aea.
1119 4247 1150 4297 11.
1169 4244 1210 4296 44.
1239 4244 1334 4296 isidor.
1351 4244 1422 4311 orig.
1439 4245 1505 4298 xlv.
1523 4245 1552 4310 6,
1568 4243 1611 4298 43.

283 4329 311 4383 p.
329 4315 386 4368 444.
406 4317 464 4382 (sed
481 4315 541 4368 cod.
559 4315 732 4370 Benedictob.
752 4331 822 4371 saec.
840 4319 883 4372 lx.
904 4321 994 4384 44444,
1013 4320 1072 4372 cod.
1091 4321 1155 4372 Fris.
1169 4331 1239 4372 saec.
1258 4319 1300 4372 444.
1319 4333 1360 4387 pr.
1378 4330 1415 4372 ur.
1435 4319 1537 4384 44444,
1555 4333 1611 4373 sec.

285 4401 322 4442 m.
337 4389 459 4456 44444444
479 4391 625 4456 among
643 4395 788 4446 tarcondi
800 4394 859 4454 Ld.;
879 4395 999 4447 4444444
1010 4399 1097 4450 Gt·
1116 4395 1205 4447 atad
1220 4396 1357 4462 tcputcstlt
1370 4395 1396 4448 4.
1411 4392 1612 4457 -lttsttscm

283 4465 357 4517 444444
372 4466 442 4517 444444
449 4468 481 4518 Gt
493 4467 518 4518 4.
537 4467 572 4519 44.
582 4469 606 4532 g.
616 4467 691 4519 444.-
705 4469 745 4520 lt.
758 4469 827 4521 Fort.
837 4472 913 4523 444444
924 4473 950 4522 ic
960 4473 1048 4524 lutere.
1067 4473 1148 4524 flaua.
1157 4498 1186 4509 -
1199 4473 1240 4524 46.
1253 4473 1280 4523 lu
1290 4472 1363 4539 44444]
1381 4473 1414 4525 cl.
1428 4466 1516 4524 Sobol.
1530 4465 1612 4535 Cruq.

285 4540 321 4592 ud
337 4541 401 4594 lior.
417 4541 465 4607 Ep.
478 4543 498 4593 4.
513 4543 553 4606 tu,
565 4543 608 4596 44.
622 4571 650 4582 -
672 4543 716 4595 sub
732 4546 789 4596 dioro
805 4546 883 4598 codd.
900 4550 928 4599 et
942 4547 1003 4600 Scb.
1021 4549 1101 4614 cruq.
1119 4545 1136 4598 l.
1150 4545 1184 4598 l.:
1201 4545 1246 4598 acb
1261 4549 1303 4599 dio
1317 4551 1349 4600 A.
1369 4575 1396 4586 -
1415 4547 1456 4599 t'l.
1472 4549 1534 4599 sart.
1552 4551 1615 4598 44444

284 4617 436 4682 Zumptius:
452 4618 670 4681 ”nacoliam
688 4619 742 4672 loco
753 4621 810 4673 darc
824 4625 926 4675 contusa
938 4637 964 4676 cs
979 4624 1025 4686 Gt;
1041 4624 1187 4676 adeuntes
1200 4623 1275 4675 asbd
1286 4624 1346 4686 dtt.;
1363 4623 1542 4676 4444444444
1556 4625 1615 4674 erut

285 4692 355 4743 coni.
368 4691 428 4743 llot.
448 4713 478 4730 -·
497 4691 537 4743 49.
555 4693 605 4744 tuta
620 4706 675 4745 om.
686 4696 717 4746 A.
736 4695 796 4748 cod.
810 4695 867 4750 urs.
878 4697 956 4763 prob.
969 4697 1025 4750 4444
1035 4701 1055 4750 4.
1072 4712 1100 4766 p.
1113 4699 1206 4751 sso.-
1224 4699 1265 4750 44.
1282 4698 1508 4765 (muamus.
1522 4720 1552 4736 ·-
1568 4697 1612 4749 44.

284 4779 381 4832 satrapas
390 4768 423 4819 Gt
435 4765 494 4830 25:
512 4777 586 4832 saepo
596 4767 644 4820 dtt.
656 4770 719 4820 0.-
737 4769 779 4822 444.
792 4773 957 4835 quusutcrsm
966 4775 998 4836 A,
1016 4775 1062 4840 qui
1077 4777 1169 4826 tamen
1179 4771 1313 4840 vurlgatam
1326 4785 1434 4842 quoquo
1446 4783 1614 4824 commemo-

284 4843 344 4904 rflit
366 4845 484 4894 4404044414
500 4845 704 4906 limmata
719 4845 745 4895 S.
771 4845 860 4902 Verba
882 4863 935 4914 quac
956 4849 986 4902 44
1004 4853 1214 4916 rc--perttscrc
1231 4851 1266 4903 de
1277 4853 1339 4904 Era.
1352 4850 1422 4903 ocul.
1435 4847 1521 4916 (prob.
1532 4847 1615 4912 wyt-

285 4913 371 4981 4444).)
387 4917 467 4968 Boot.
480 4918 508 4968 et
524 4915 818 4986 sctum‘uansponmt
833 4927 895 4988 post
910 4925 1048 4990 superiora
1066 4927 1091 4992 5.
1103 4927 1144 4978 ao.
1163 4927 1267 4978 44444444
1282 4927 1375 4992 cras
1387 4930 1512 4990 44444444.
1535 4919 1612 4975 itale.

286 4989 320 5042 44.
339 4991 465 5044 Orelllum
481 4994 509 5044 et
525 4991 630 5060 Zumpt.
648 4995 682 5045 ad
699 4993 726 5046 b.
739 4994 757 5047 l.
778 5023 805 5033 -
823 4998 865 5049 44.
884 4999 972 5050 ctum
987 5013 1041 5052 om.
1053 5003 1104 5062 Gt3
1122 5013 1179 5053 carc
1189 5003 1281 5054 iuoert.
1294 5003 1363 5053 auct.
1376 4995 1471 5066 barm.
1484 4995 1614 5050 dererbo

286 5077 330 5131 ap.
347 5067 465 5120 ldacrob.
484 5067 527 5120 ed.
545 5069 599 5120 lau.
618 5067 675 5121 Vol.
687 5069 708 5121 1.
725 5085 752 5136 p.
765 5071 823 5126 443.
838 5097 865 5109 ·-
884 5073 925 5126 34.
939 5075 1193 5139 pecatorum:
1206 5077 1330 5142 plaustris
1339 5075 1373 5129 aa
1385 5071 1465 5143 lm.
1479 5093 1508 5116 ³-
1525 5073 1614 5127 444444

286 5141 315 5193 s.
334 5168 363 5181 -
380 5147 565 5210 septemque
581 5142 791 5212 saturasse:
810 5149 992 5215 mersaque
1007 5153 1040 5204 cs
1055 5167 1061 5217 ;
1079 5158 1259 5220 apocopa
1274 5153 1322 5208 aas.
1339 5153 1371 5209 o.
