3578 5862
357 415 420 486 628
722 423 776 488 DE
797 421 903 486 LEGE
925 422 1102 488 AGRARIA
1123 423 1242 489 imita
1263 426 1303 490 ll.

355 588 523 666 Falernum,
551 587 749 667 Literninus,
774 591 950 668 Cumanus,
973 575 1147 678 Casilinas.)
1170 595 1283 658 Audio.
1313 594 1362 660 Ab
1383 595 1453 659 alia
1477 602 1580 680 porta
1602 597 1683 680 Cape

355 702 428 758 nas,
449 683 604 760 Faliscus,
626 684 777 760 Sabinus,
798 686 966 763 Reatinus,
989 687 1202 764 venafranus,
1222 688 1396 766 Allifanus,
1420 689 1683 754 Trebulanus.-

354 776 459 842 Habes
480 783 596 842 4004000
617 780 798 861 pecuniam,
822 800 884 864 qua
905 780 1001 844 bosce
1024 799 1134 844 omnes
1155 802 1247 866 agros
1271 791 1302 846 et
1317 792 1444 848 ceteros
1470 783 1597 848 horum
1615 785 1683 848 simi

353 871 399 934 les
421 891 486 937 non
507 870 601 935 modo
622 891 743 946 emere,
765 895 873 938 verum
891 875 985 938 etiam
1001 894 1183 940 coacervare
1198 878 1319 959 possis:
1342 899 1398 942 cur
1412 898 1481 942 eos
1499 899 1573 942 nen
1587 875 1683 941 definis

329 968 457 1049 lneque
479 964 639 1040 nominas,
661 974 697 1029 ut
717 967 829 1032 saltem
843 967 1017 1032 deliberare
1040 968 1148 1050 plebes
1164 971 1304 1060 Romanu
1319 973 1440 1056 possit,
1470 972 1561 1057 quid
1575 973 1683 1034 intersit

226 1127 233 1144 ‚
352 1079 427 1134 sua,
449 1059 526 1143 quid
549 1059 714 1143 expediat,
737 1069 891 1144 quantum
913 1062 971 1125 tibi
992 1063 1024 1126 in
1042 1063 1183 1126 emendis
1198 1063 1275 1126 etin
1291 1064 1477 1129 vendendis
1494 1066 1600 1130 rebus
1613 1085 1683 1128 cona

351 1152 538 1216 mittendum
565 1156 676 1236 putetl
707 1154 850 1230 Definio,
882 1156 1002 1240 inquit,
1034 1156 1166 1220 ltaliam.
1203 1157 1285 1222 Satis
1307 1167 1392 1222 certa
1412 1159 1533 1242 regio.
1572 1159 1683 1222 Etenim

353 1246 540 1329 pauonum
560 1247 707 1322 interest,
735 1256 840 1312 utrum
861 1251 894 1313 in
915 1251 1038 1314 Massici
1060 1250 1182 1314 radices
1205 1271 1245 1314 an
1271 1251 1304 1314 in
1325 1252 1485 1337 Apuliam
1510 1253 1621 1316 aliove
1640 1251 1683 1314 de-

350 1338 534 1406 ducamini‘l
571 1337 621 1404 67.
635 1343 719 1424 Age,
740 1363 805 1405 non
819 1339 931 1406 definis
954 1343 1071 1406 locum:
1110 1342 1209 1427 quid?
1232 1351 1375 1408 naturam
1389 1347 1493 1428 agri?
1520 1347 1625 1420 Vero,
1643 1346 1681 1407 in-

312 1434 436 1519 400044,
459 1453 514 1509 ovr
535 1453 630 1500 auam
651 1457 712 1500 ivr
735 1454 805 1500 cour
826 1456 941 1501 rossrr.
978 1435 1041 1512 Qui
1063 1437 1163 1520 possit
1178 1439 1277 1512 arari,
1299 1438 1416 1521 inquit,
1438 1448 1507 1504 aut
1523 1440 1610 1514 coli,
1630 1458 1681 1502 uon

351 1529 407 1612 qui
435 1537 540 1594 aratus
562 1538 616 1594 aut
638 1529 740 1594 cultus
762 1529 812 1593 sit.
846 1531 953 1594 Utrum
974 1530 1054 1617 haec
1075 1532 1128 1594 lex
1150 1539 1198 1595 est
1219 1551 1260 1596 an
1282 1532 1388 1595 tabula
1410 1533 1616 1596 Veratianae
1636 1552 1679 1594 au·

349 1622 486 1687 otionisl
515 1625 550 1688 in
579 1644 643 1709 qua
673 1624 825 1706 scriptum
846 1623 943 1688 fuisse
964 1625 1072 1689 aium:
1102 1645 1217 1688 rveuns
1239 1645 1293 1701 cc,
1323 1647 1355 1689 ru
1377 1647 1499 1701 orisve
1526 1643 1679 1690 eumerus

349 1735 435 1780 rtem
461 1737 595 1794 rorusr3
624 1737 739 1782 ruerus
768 1737 840 1793 ccc,
868 1739 921 1782 ver
948 1737 1082 1806 rasurus
1111 1739 1225 1782 vissae
1254 1739 1396 1784 rossrur.
1440 1722 1522 1786 Hoc
1548 1730 1584 1784 tu
1604 1739 1677 1785 emes

348 1811 408 1876 isa
429 1812 648 1876 innumerabili
669 1813 818 1897 pecunia,
840 1811 928 1896 quod
949 1813 1029 1874 erari
1050 1819 1105 1875 aut
1126 1812 1187 1876 coli
1209 1814 1333 1896 possiti
1367 1813 1463 1890 Quod
1491 1815 1605 1880 solum
1626 1820 1677 1876 un

312 1908 431 1972 sterile
459 1916 492 1972 et
518 1927 657 1973 macrum
686 1915 751 1982 est,
778 1905 863 1989 qued
885 1913 989 1969 aratro
1011 1907 1179 1989 perstringi
1200 1926 1265 1969 non
1286 1906 1411 1991 possiti
1440 1916 1505 1972 aut
1529 1907 1618 1992 quod
1637 1913 1674 1968 est

347 2009 411 2066 tem
432 2019 579 2084 asperum
600 2008 761 2076 saxetum,
781 2000 815 2062 iu
838 2019 901 2083 quo
923 1999 1132 2083 agricolarum
1153 2000 1254 2064 cultus
1276 2020 1341 2063 non
1364 1999 1544 2066 elaboret?

431 2096 567 2170 ldeirco,
596 2095 714 2179 inquit,
743 2113 834 2176 agros
856 2093 1018 2156 nominare
1040 2112 1105 2155 non
1126 2112 1272 2176 possum,
1299 2093 1375 2177 quie
1396 2101 1536 2178 tangam
1560 2095 1671 2159 nullum

346 2191 387 2255 ab
407 2189 519 2256 invito.
546 2189 625 2264 Hoc,
648 2187 799 2265 Quirites,
821 2186 921 2250 multo
944 2193 993 2250 est
1014 2186 1244 2271 quaestuosius,
1267 2188 1410 2269 quamsi
1433 2189 1477 2251 ab
1505 2189 1610 2253 invito
1630 2209 1672 2250 sn·

346 2292 464 2362 meret;
496 2283 625 2347 inibitur
646 2281 731 2345 enim
752 2279 833 2344 ratio
856 2287 1005 2363 quaestus
1027 2278 1067 2342 de
1089 2286 1194 2342 vestra
1215 2281 1365 2362 pecunia,
1387 2289 1420 2344 et
1440 2290 1518 2346 tum
1541 2283 1669 2366 denique

309 2393 421 2462 atager
442 2385 577 2452 emetur,
607 2396 678 2442 cum
701 2375 784 2438 idem
806 2374 954 2458 expediet
975 2372 1109 2456 emptori
1132 2380 1164 2436 et
1184 2372 1351 2437 venditori.
1395 2375 1519 2441 xxvi.
1544 2375 1597 2441 68.
1618 2373 1669 2438 Sed

345 2473 450 2538 ridete
472 2472 536 2537 vim
557 2472 635 2555 legis
657 2472 805 2553 agrariae.
849 2469 896 2530 Ne
917 2468 947 2530 ei
970 2467 1117 2550 quidem,
1139 2467 1194 2551 qui
1215 2487 1307 2550 agros
1329 2469 1475 2552 publicos
1500 2471 1666 2555 possident,

346 2565 500 2630 decedent
519 2565 560 2628 de
581 2562 799 2648 possessione,
824 2561 887 2625 uisi
910 2570 1002 2624 erunt
1022 2560 1149 2625 deducti
1172 2561 1290 2644 optima
1312 2563 1502 2628 condicione
1527 2573 1563 2628 et
1583 2582 1666 2648 pecu·

344 2659 399 2724 nia
420 2660 565 2724 maxima.
603 2657 761 2722 Conversa
781 2655 872 2719 ratio.
906 2655 1024 2728 Antea,
1054 2675 1123 2716 cum
1148 2662 1214 2719 erat
1236 2676 1254 2718 a
1276 2657 1536 2741 tribunoplebis
1559 2654 1663 2721 mentio

344 2751 424 2835 legis
453 2751 595 2834 agrariae
621 2749 719 2824 iacta,
749 2749 898 2812 contiuuo
929 2747 985 2831 qui
1007 2766 1100 2829 agros
1128 2748 1273 2830 publicos
1296 2759 1351 2814 aut
1373 2752 1428 2835 qui
1448 2751 1663 2836 possessione

306 2844 518 2910 winridiosas
540 2842 690 2908 tenebant
710 2840 967 2906 extimescebam.
1000 2841 1086 2905 Haec
1107 2841 1231 2906 lexeos
1254 2843 1400 2907 homines
1421 2844 1566 2909 fortunis
1587 2843 1661 2906 locu·

343 2939 460 3024 pletat,
488 2937 609 3002 invidia
636 2935 759 3000 liberat.
797 2935 900 3011 Quam
921 2935 1036 3000 multos
1059 2935 1161 3011 onim,
1192 2936 1350 3012 Quirites,
1379 2939 1575 3003 existimatis
1594 2953 1661 3006 esse

345 3033 400 3117 qui
430 3031 629 3095 latitudinem
656 3029 890 3114 possessionum
915 3029 1015 3103 tueri,
1045 3029 1100 3114 qui
1124 3029 1275 3094 invidiam
1297 3030 1501 3096 Sullanorum
1525 3046 1658 3114 agrorum

342 3127 424 3192 terre
446 3145 511 3189 non
533 3125 677 3209 possint?
708 3123 763 3207 qui
784 3121 921 3186 vendere
944 3125 1083 3205 cupiant,
1106 3132 1280 3206 emptorem
1300 3145 1364 3188 non
1385 3127 1573 3208 reperiant?
1599 3141 1659 3206 per

343 3223 418 3286 dere
439 3220 502 3284 iam
525 3218 665 3303 denique
686 3217 758 3280 illos
780 3236 872 3301 agros
893 3217 1015 3294 ratione
1030 3217 1137 3300 aliqua
1152 3218 1271 3280 velint?
1304 3218 1478 3303 Quipaulo
1494 3215 1657 3284 antediem

304 3323 531 3399 eonoetemque
553 3313 754 3378 tribunicium
776 3330 892 3375 nomen
913 3310 1100 3384 horrebant,
1122 3319 1258 3374 vestram
1273 3312 1336 3375 vim
1358 3313 1561 3390 metuebant,
1582 3327 1657 3374 men-

341 3411 460 3476 tionem
487 3408 566 3492 legis
595 3407 735 3490 agrariae
760 3405 1041 3488 pertimescebant,
1072 3402 1101 3465 ei
1131 3424 1215 3468 nunc
1243 3407 1339 3469 etiam
1366 3405 1448 3470 ultro
1469 3407 1657 3490 rogabuntur

342 3512 437 3588 atque
460 3501 648 3577 orabuntur,
671 3508 706 3565 ut
726 3519 818 3583 agros
839 3498 953 3582 partim
975 3497 1135 3580 publicos,
1157 3498 1270 3581 partim
1292 3499 1405 3582 plenos
1419 3500 1579 3592 ingidiae,
1598 3496 1656 3581 ple·

407 3777 431 3827 4.
449 3775 590 3828 idemtitas
606 3771 741 3824 Gebhardt
758 3770 784 3835 (l.
796 3768 813 3822 l.
827 3771 868 3821 lli.
882 3784 908 3836 p.
921 3772 936 3821 i
949 3771 1032 3836 aqud:
1051 3771 1163 3821 ttremtos
1180 3771 1214 3832 E;
1232 3771 1339 3822 licerem
1349 3771 1380 3834 F;
1399 3773 1533 3826 iteremus
1548 3767 1651 3825 Atto.

344 3876 371 3889 —
391 3851 513 3903 00004000
528 3846 653 3901 Camillus
666 3846 839 3910 Peregrinus:
857 3857 892 3895 00
907 3846 1024 3896 casleoca
1039 3845 1129 3906 EFP;
1148 3846 1252 3896 0004000
1267 3841 1384 3908 400ος
1401 3841 1651 3911 NeapoltlesesGeb·

342 3925 421 3977 herdt
436 3924 453 3977 l.
471 3923 488 3976 l.
506 3938 532 3989 p.
551 3925 567 3976 8
583 3936 625 3987 eq.
648 3949 675 3960 -
701 3921 745 3988 Ab]
768 3921 798 3972 ob
818 3921 903 3972 EFP.
923 3945 950 3956 —-
974 3921 1000 3971 2.
1018 3920 1133 3986 8004000]
1150 3921 1257 3972 8004000
1272 3933 1334 3986 agor
1350 3922 1413 3982 FA;
1437 3924 1540 3978 4004000
1554 3918 1650 3990 agell.

341 4002 442 4053 Vocem
458 4012 520 4065 ege
535 3998 634 4050 delevit
644 3996 800 4055 Lambinus;
819 3995 938 4047 defendit
949 3995 1083 4048 Gebhardt
1098 3994 1116 4046 t.
1128 3995 1146 4046 l.
1165 4009 1191 4061 p.
1205 3997 1277 4047 to.-
1299 3997 1461 4063 Venafroeau]
1477 3993 1649 4054 ommia

338 4088 480 4128 0000000000
494 4076 521 4125 F.
542 4098 569 4108 -
586 4072 701 4136 Attanae
716 4067 770 4122 00.
790 4095 817 4106 -
836 4071 861 4121 5.
876 4069 958 4132 rebor
973 4070 1065 4121 EFA:
1079 4069 1148 4133 plebe
1165 4084 1227 4123 cum
1244 4071 1287 4122 ed.
1306 4071 1398 4124 Aldina
1414 4071 1498 4127 ceo.
1517 4073 1599 4140 Ct.'§.
1615 4071 1648 4121 05·

340 4177 367 4188 -
386 4152 410 4202 a.
428 4151 455 4201 ia
471 4150 533 4199 ante
549 4161 575 4198 v.
592 4147 724 4198 omdeodis
739 4157 793 4196 om.
812 4145 841 4196 T.
862 4170 889 4181 -
907 4143 933 4196 8.
950 4143 1067 4206 Apuliae
1083 4145 1215 4208 Sigonius:
1241 4147 1342 4198 ltaliam
1358 4147 1506 4211 EFA20;
1530 4147 1650 4216 Ligerim

335 4227 395 4276 Ant.
412 4223 581 4289 Augustinus.
603 4248 630 4258 -
649 4221 673 4271 0.
691 4220 743 4285 Age
758 4233 809 4270 ooo
825 4219 910 4283 (404040
927 4218 1015 4268 beura
1034 4219 1094 4281 quid
1108 4226 1230 4272 notorem
1245 4220 1325 4286 egri?
1345 4235 1417 4285 aere,
1435 4225 1518 4286 400044
1533 4225 1594 4278 EF:
1610 4227 1648 4282 000

334 4313 385 4350 neo
401 4299 487 4364 0044040
502 4297 592 4347 boum.
612 4295 677 4358 0040
692 4299 780 4345 omem
794 4306 853 4344 cero
869 4293 994 4354 400044ος
1013 4305 1121 4356 000000
1132 4297 1218 4362 witois
1228 4297 1331 4349 4000000
1348 4299 1412 4361 Quid
1423 4299 1503 4350 00000
1517 4301 1647 4366 Agrium.

333 4375 414 4437 inquit
430 4376 465 4434 G;
483 4374 534 4438 Age
550 4371 636 4436 004040
652 4371 741 4421 bueo.
761 4370 885 4433 Quidnam
901 4369 959 4433 agri
974 4383 1033 4420 vero
1050 4369 1152 4432 4000400
1167 4374 1202 4433 A;
1220 4373 1272 4437 Age
1282 4387 1354 4434 vero,
1373 4374 1459 4439 000040
1469 4375 1559 4426 baar.
1579 4366 1647 4435 Ouid·

332 4462 393 4499 nem
414 4449 473 4513 egat
493 4459 566 4506 earo,
589 4445 670 4508 400044
692 4458 753 4496 cum
771 4444 814 4495 ed.
839 4443 1010 4495 Cratandrina
1028 4443 1059 4502 0;
1083 4445 1134 4510 Aac
1148 4459 1207 4497 cero
1224 4448 1309 4511 definis
1325 4447 1414 4498 400000.
1439 4450 1564 4512 00400040
1578 4435 1646 4510 egri?

331 4524 393 4588 Api
402 4537 475 4586 cero,
492 4522 573 4586 400044
583 4522 612 4572 l..
624 4548 652 4558 —
665 4521 705 4572 40.
716 4521 803 4584 pessit.
822 4522 870 4583 Qut
878 4521 956 4583 pessit
967 4545 1003 4558 --
1014 4519 1062 4570 0044
1073 4533 1127 4570 om.
1141 4520 1169 4571 E.
1183 4549 1209 4556 —
1222 4523 1262 4571 44.
1279 4523 1428 4574 Veratianae
1438 4525 1471 4575 E:
1484 4524 1610 4576 cenaene
1619 4515 1645 4573 Fi

331 4599 489 4650 Neratteoee
504 4597 562 4648 GO.
582 4596 621 4648 Ci.
636 4609 684 4662 pro
696 4595 788 4647 Flacco
800 4596 825 4660 5.
839 4596 880 4648 40.
892 4622 919 4631 -
934 4597 973 4646 tt.
986 4595 1017 4660 et]
1030 4600 1076 4646 aot
1086 4596 1113 4647 T.
1126 4623 1153 4632 —
1167 4597 1206 4648 48.
1219 4597 1284 4660 4400,
1304 4599 1410 4662 Quirites
1420 4597 1548 4652 lllotzius:
1565 4597 1645 4655 000044

331 4674 394 4734 um
406 4668 683 4736 ammonicae.
697 4698 724 4709 -
738 4672 778 4722 40.
792 4671 1013 4732 immensam
1032 4670 1224 4734 0000040,
1236 4673 1375 4724 reametur
1383 4674 1411 4725 n.
1429 4661 1644 4726 umenaiumest

332 4750 358 4800 in
374 4762 458 4814 marg.
477 4750 512 4799 A.
527 4773 555 4784 -
574 4746 616 4799 20.
634 4747 746 4810 00000404
762 4747 823 4798 EF:
842 4745 978 4810 expedierit
993 4742 1107 4798 Alto.
1123 4771 1150 4781 ·—
1170 4747 1210 4797 at.
1229 4747 1251 4797 ei
1267 4748 1332 4798 EF:
1349 4748 1369 4798 44
1385 4745 1498 4802 4000.
1512 4775 1539 4786 -
1558 4746 1595 4800 00.
1612 4739 1645 4790 dt·

330 4825 405 4887 doctr]
423 4825 520 4878 0000044
531 4822 640 4886 remmio
656 4823 692 4884 Ε,
710 4821 759 4873 sed
775 4820 889 4872 verbum
904 4821 1011 4885 penate
1027 4818 1122 4871 lineola
1138 4822 1290 4874 transversa
1307 4821 1437 4880 deletum.
1455 4851 1484 4861 ·-
1502 4829 1526 4876 et
1537 4807 1640 4887 000044]

331 4901 380 4950 «ln
395 4901 449 4951 ima
465 4899 559 4965 pagina
576 4898 629 4949 duo
646 4899 693 4950 aut
708 4898 757 4948 tria
774 4897 904 4949 vocabule
921 4909 999 4948 erasa
1016 4898 1093 4947 erant
1108 4894 1265 4961 videturque
1282 4895 1378 4962 aliquid
1396 4896 1518 4949 deesse.»
1535 4900 1599 4950 Para.
1617 4910 1638 4926 ·
1726 4943 1727 4956 ,

328 4972 371 5023 03.
389 4979 447 5025 eote
462 4987 519 5025 oum
535 4974 563 5024 F.
572 5000 600 5011 -
618 4973 659 5024 25.
677 4973 866 5025 004400000σὸ004
876 4971 1003 5024 Klotziue:
1022 4971 1254 5034 ecpetimesccbaot
1269 4973 1315 5025 EF
1323 4976 1358 5033 A;
1373 4972 1574 5037 pertimescebant
1588 4971 1638 5015 0441

330 5046 373 5098 aa.
386 5046 479 5099 uuna
494 5045 579 5100 neo.
597 5047 636 5100 cr.
649 5061 676 5113 p.
690 5047 768 5099 caeo.
787 5048 811 5113 a.
825 5048 867 5100 ee.
882 5076 909 5085 -
927 5048 968 5099 se.
987 5048 1039 5102 cte
1052 5049 1221 5112 mearet..
1236 5075 1260 5086 -
1282 5048 1322 5099 et.
1341 5045 1505 5104 ardorum:
1525 5037 1635 5105 0040

331 5121 351 5172 0
366 5119 481 5177 Anao.
504 5122 543 5177 cr.
561 5123 585 5190 s.
603 5123 645 5177 si.
663 5123 698 5191 (ρ.
717 5123 773 5176 oea.
792 5137 818 5176 r.
836 5123 871 5187 r.)
1722 5163 1728 5430 >

1722 5431 1727 5656 l
