3642 5862
547 487 616 552 ns.
637 485 675 554 v.
709 488 783 554 cus.
805 487 950 552 rx-x.
980 484 1037 570 44.
1059 481 1214 552 io-as.
1476 479 1539 550 aar

214 655 275 723 hoc
298 655 429 721 crimine
452 655 642 739 suspicionis
665 677 734 721 esse
756 655 936 733 affirmabo,
958 665 994 722 ut
1015 659 1076 722 iarn
1097 657 1176 740 ipsis
1197 655 1356 722 indicibus
1380 658 1448 721 sine
1470 677 1541 722 mea

215 751 488 836 argumentatione
511 752 723 816 coniecturam
738 752 842 817 lacere
856 753 1044 837 permittam,
1067 751 1153 836 quod
1166 750 1229 815 hoc
1244 771 1342 835 genus
1356 751 1540 835 praedandi,

215 865 309 931 quam
337 845 530 929 improbum,
560 865 656 931 quam
682 847 845 930 indiguum
873 865 1032 932 quamque
1055 845 1095 909 ad
1117 845 1366 928 magnitudinem
1389 853 1540 931 quaestus

214 940 403 1003 immensum
424 937 644 1024 infinitumque
667 962 737 1005 esse
760 941 914 1005 videatur.
957 937 1008 1004 23.
1030 941 1108 1005 Nam
1131 961 1212 1024 quae
1233 942 1293 1004 iste
1315 943 1349 1004 in
1370 940 1540 1025 Apollonio

213 1033 305 1110 lecit,
338 1037 533 1117 caprimum
558 1034 697 1098 breviter
720 1036 901 1119 cognoscite
924 1045 1002 1120 quot
1025 1036 1293 1118 eiquautasint3
1326 1035 1440 1100 deinde
1461 1032 1564 1096 bacci
1680 1042 1685 1054 '

217 1128 388 1212 expendite
411 1137 505 1212 atque
527 1129 692 1192 aestimate
707 1131 856 1213 pecunia:
880 1129 1043 1213 reperietis
1058 1129 1176 1192 idcirco
1191 1129 1271 1193 haec
1285 1132 1318 1193 in
1333 1150 1397 1193 nno
1414 1129 1540 1193 homine

212 1223 387 1307 pecunioso
409 1230 455 1286 tot
476 1222 660 1298 constituta,
689 1230 725 1287 nt
747 1225 860 1287 ceteris
881 1223 1067 1287 formidines
1097 1221 1247 1286 similium
1270 1222 1541 1287 incommodorum

213 1325 309 1402 atque
332 1317 480 1400 exempla
502 1316 715 1400 periculorum
737 1326 939 1402 proponeret.
982 1319 1121 1382 Primum
1142 1317 1335 1381 insimulatio
1358 1324 1406 1381 est
1425 1338 1541 1400 repen-

212 1412 281 1474 tina
302 1411 447 1496 capitalis
477 1419 572 1494 atquc
599 1411 751 1476 invidiosi
780 1413 935 1476 criminis:
957 1447 998 1458 -
1020 1413 1164 1488 statuite,
1196 1412 1306 1496 quanti
1334 1409 1395 1474 hoc
1422 1414 1540 1494 putetis

214 1511 245 1568 et
267 1526 362 1590 quam
384 1492 499 1569 multos
521 1506 710 1570 redemisse:
733 1506 911 1571 -deiude
933 1508 1050 1572 odmen
1072 1509 1141 1571 sine
1163 1512 1362 1581 accusatore,
1385 1507 1541 1570 sententia
1550 1521 1578 1566 io

213 1600 283 1662 sine
312 1599 461 1674 consilio,
490 1600 649 1664 damnatio
681 1601 750 1666 sine
781 1601 982 1665 defensioue:
1004 1633 1046 1648 -
1068 1603 1231 1666 aestimate
1258 1599 1371 1664 harum
1400 1602 1541 1663 omnium

213 1714 318 1757 rerum
339 1695 441 1777 pretia
464 1701 496 1757 et
518 1695 654 1778 cogitate
677 1695 710 1758 in
731 1695 782 1759 his
804 1697 1023 1781 iniquitatibus
1044 1717 1144 1758 unum
1165 1695 1306 1759 haesisse
1328 1695 1540 1780 Apollonium,

214 1795 336 1853 ceteros
365 1787 506 1871 prolecto
535 1788 652 1851 multos
683 1811 722 1852 ex
750 1789 801 1853 his
831 1790 1039 1854 incommodis
1073 1792 1208 1873 pecunia
1239 1811 1275 1854 se
1303 1788 1470 1854 liberasse:
1499 1820 1540 1834 -

213 1891 374 1966 postremo
389 1882 550 1957 tenebrae,
572 1882 687 1958 vincla,
710 1903 824 1960 carcer,
847 1883 1004 1946 inclusum
1019 1884 1209 1968 supplicium
1225 1891 1321 1970 atque
1336 1902 1355 1946 a
1370 1888 1540 1967 conspectu

213 1983 381 2058 parentum
409 1995 446 2039 ac
474 1977 626 2052 liberum,
655 1977 795 2063 denique
818 1971 957 2041 alibero
986 1979 1099 2062 spiritu
1127 1986 1223 2062 atque
1245 1999 1263 2042 a
1286 1979 1442 2041 communi
1470 1977 1540 2039 luce
1550 1991 1578 2037 44

214 2067 389 2132 seclusum:
423 2069 502 2134 haec
531 2092 623 2147 vero,
654 2092 736 2155 quae
766 2072 816 2135 vel
846 2073 910 2136 vita
940 2071 1051 2135 redimi
1081 2079 1165 2138 recte
1193 2079 1345 2155 possunt,
1374 2073 1540 2138 aestimare

213 2163 351 2245 pecnnia
365 2182 430 2225 non
445 2184 539 2248 queo.
570 2161 621 2228 ai.
636 2165 722 2230 Haeo
737 2167 844 2230 omniu
858 2187 930 2232 sero
945 2165 1081 2252 redemit
1094 2166 1292 2248 Apollonius,
1314 2166 1377 2232 iam
1398 2185 1541 2230 maerore

213 2275 250 2320 ac
278 2257 415 2321 miseriis
443 2258 603 2343 perditus3
640 2259 697 2324 sed
730 2267 836 2324 umen
870 2268 992 2324 ceteros
1024 2261 1132 2323 docuit
1163 2269 1236 2324 ante
1266 2259 1358 2324 istius
1391 2261 1541 2324 avaritiae

214 2350 391 2434 scelerique
421 2371 604 2417 occurrere:
638 2355 701 2418 nisi
733 2374 809 2418 vero
843 2355 1032 2418 existimatis
1058 2353 1219 2417 hominem
1244 2353 1541 2437 pecuniosissimum

214 2443 284 2509 sine
306 2466 401 2511 cansa
423 2455 573 2532 quaestus
596 2447 730 2513 electum
759 2448 799 2511 ad
821 2455 883 2513 tam
912 2446 1098 2512 incredibile
1126 2448 1245 2512 crimen
1266 2455 1320 2511 aut
1341 2450 1410 2512 sine
1431 2447 1578 2514 eademst

213 2559 310 2604 causa
330 2547 460 2626 repente
483 2562 501 2605 e
522 2561 649 2606 carcere
679 2543 829 2607 emissum
857 2550 913 2606 aut
941 2541 1001 2606 hoc
1029 2541 1202 2625 praedandi
1231 2561 1330 2626 genus
1358 2544 1398 2605 ab
1425 2543 1486 2606 isto
1507 2541 1542 2604 in

214 2633 271 2698 illo
293 2655 359 2697 uno
381 2633 558 2700 adhibitum
580 2656 616 2700 ac
631 2643 784 2700 tentatum
800 2645 831 2701 et
846 2658 911 2700 non
925 2657 983 2721 per
997 2635 1087 2700 illum
1108 2635 1254 2702 omnibus
1273 2635 1542 2720 pecuniosissimis

213 2727 330 2792 Siculis
353 2736 471 2793 metum
493 2731 694 2814 propositum
717 2740 749 2795 ct
769 2732 930 2795 iniectum.

297 2821 338 2885 X.
368 2820 419 2887 25.
450 2823 549 2907 Cupio
578 2825 655 2889 milri
683 2825 722 2889 ab
752 2824 827 2902 illo,
856 2825 993 2899 iudices,
1028 2823 1157 2899 subiici,
1180 2824 1330 2908 quoniam
1353 2823 1393 2887 de
1414 2821 1542 2888 militari

214 2913 282 2979 eius
312 2917 415 3000 gloria
444 2917 535 2994 dico,
564 2919 591 2982 si
621 2919 697 3002 quid
726 2919 807 2984 sorte
837 2927 1010 3005 praetereo.
1063 2918 1142 2982 Nam
1168 2917 1246 2981 mihi
1274 2918 1387 2981 videor
1411 2918 1474 2981 iam
1502 2915 1581 2981 dese

213 3010 360 3074 omnibus
389 3011 485 3074 rebus
515 3011 583 3075 eius
607 3014 704 3095 gestis
733 3014 869 3089 dixisse,
900 3033 982 3097 quae
1009 3011 1139 3096 quidem
1167 3011 1208 3075 ad
1235 3011 1311 3075 belli
1338 3010 1543 3096 lugitivorum

215 3104 430 3188 suspicionem
453 3105 664 3188 pertinerent:
687 3115 772 3171 certe
794 3108 875 3170 nihil
897 3107 1000 3171 sciens
1022 3107 1229 3189 praetermisi.
1260 3105 1391 3170 Habetis
1405 3104 1544 3168 hominis

110 3273 115 3284 .
215 3198 357 3273 consilia,
380 3197 597 3282 diligentiam,
619 3199 828 3283 vigilantiam,
852 3201 1026 3265 custodiam
1047 3199 1330 3283 defensionemque
1352 3197 1543 3282 provinciae.

214 3289 344 3356 Summa
365 3290 442 3356 illuc
459 3291 607 3376 pertinet,
628 3301 664 3356 ut
679 3295 795 3370 sciatis,
818 3288 1074 3378 quoniam'plura
1089 3313 1206 3376 genera
1221 3300 1296 3356 sunt
1307 3293 1543 3376 imperatorum,

214 3403 255 3448 ex
277 3405 341 3468 quo
364 3406 478 3469 genere
501 3387 561 3450 istc
584 3388 633 3462 sit,
656 3408 697 3450 ne
720 3391 775 3471 qui
798 3388 918 3452 diutius
940 3388 973 3450 in
995 3395 1082 3451 tanta
1103 3387 1237 3469 penuria
1256 3385 1394 3449 virorum
1415 3385 1582 3450 lortiumto

214 3477 308 3542 talem
331 3480 554 3562 imperatorem
577 3483 720 3563 ignorare
743 3483 854 3566 possit.
896 3483 969 3545 Non
991 3479 1031 3544 ad
1061 3479 1100 3557 Q.
1122 3481 1253 3544 Maximi
1278 3481 1466 3562 sapientiam
1488 3499 1545 3541 ne·

213 3593 275 3655 que
304 3572 345 3636 ad
373 3573 460 3637 illius
488 3575 661 3657 superioris
691 3576 830 3641 Africani
861 3577 895 3640 in
923 3597 957 3640 re
987 3574 1127 3659 gerunda
1156 3573 1350 3637 celeritatem
1376 3572 1543 3657 nequead

211 3667 324 3744 huius,
355 3669 412 3754 qui
438 3674 551 3754 postea
579 3669 654 3746 luit,
682 3670 842 3754 singulare
865 3669 1046 3744 consilium,
1077 3688 1182 3753 neque
1205 3667 1245 3731 ad
1266 3665 1369 3731 Paulli
1390 3667 1545 3730 rationem

212 3781 250 3827 ao
271 3761 472 3846 disciplinam
493 3783 598 3849 neque
620 3763 661 3829 ad
685 3763 718 3828 C.
740 3765 831 3829 Marii
853 3765 917 3830 vim
946 3771 1042 3849 atque
1064 3763 1227 3838 virtutem,
1257 3759 1315 3824 sed
1336 3760 1423 3826 aliud
1444 3779 1543 3844 genus

278 4073 304 4125 4.
321 4070 460 4138 minicio
483 4073 512 4124 ll.
533 4099 561 4110 -·
578 4072 656 4136 ipsius
676 4072 754 4137 ngas.
775 4100 802 4109 -
821 4073 845 4124 3.
863 4071 996 4136 inprobum
1013 4073 1040 4122 et
1056 4069 1081 4124 l.
1099 4071 1238 4122 4444444444
1254 4069 1283 4120 ll.
1304 4093 1332 4105 -
1352 4068 1376 4118 5.
1396 4067 1500 4132 quodsi
1517 4081 1542 4132 q.

213 4145 243 4198 li.
263 4171 290 4182 -
310 4145 335 4199 8.
349 4153 553 4212 proponerentur
569 4147 633 4198 dett.
654 4147 683 4200 0.
703 4174 730 4185 -
751 4147 791 4200 49.
810 4162 887 4212 quoin
902 4148 979 4199 mutto
996 4147 1046 4209 Gi,
1070 4145 1149 4212 Lagg.
1168 4142 1332 4212 praeterii.
1352 4167 1381 4178 -
1400 4143 1441 4194 44.
1457 4155 1544 4193 rerum

213 4221 325 4272 44444444
342 4219 407 4273 41444.
427 4223 456 4274 0.
476 4249 504 4259 -
524 4222 568 4292 ii,
586 4223 760 4275 4444141484.
778 4225 807 4276 L.
825 4223 921 4289 Lugg:
947 4219 1050 4273 viuculo
1066 4221 1095 4271 0.
1115 4247 1143 4256 -
1163 4225 1239 4282 cique
1259 4230 1343 4280 cmsp.
1364 4216 1398 4278 a;
1426 4230 1443 4265 a
1458 4227 1542 4279 consp.

213 4293 265 4356 93;
292 4308 357 4358 equs
372 4310 457 4362 comp.
478 4299 545 4350 coni.
564 4299 608 4350 94.
626 4299 657 4361 2;
683 4312 702 4348 c
717 4298 848 4362 comptem
869 4304 944 4360 utque
960 4301 1090 4360 coiupeciu
1107 4295 1175 4346 coni.
1194 4292 1275 4344 Klotz.
1296 4319 1324 4329 ·-
1343 4292 1383 4342 io.
1399 4291 1543 4353 pareutum

214 4369 435 4438 [cooperculum]
453 4374 526 4424 11.-
545 4371 680 4424 liberorum
696 4373 742 4424 Gl.
757 4399 784 4409 -
799 4378 874 4437 utque
890 4387 907 4424 u
923 4367 1117 4423 4444414464
1132 4384 1138 4417 :
1155 4383 1186 4420 cc
1197 4381 1286 4418 comm.
1300 4365 1336 4416 Ga
1348 4363 1401 4425 Ld;
1420 4370 1442 4416 et
1453 4377 1541 4415 comm.

213 4445 321 4500 414149.
336 4448 419 4501 -46,
436 4449 497 4500 iace
512 4461 693 4514 uerc--queo
709 4451 786 4500 irus.
805 4449 839 4500 lli.
857 4462 884 4514 p.
897 4449 954 4499 249.
970 4473 997 4483 -
1009 4447 1103 4510 possint
1120 4446 1151 4496 Gl
1168 4446 1196 4506 2;
1211 4446 1310 4506 possent
1326 4440 1373 4492 Ld.
1388 4467 1414 4476 -
1429 4441 1469 4491 41.
1483 4441 1543 4492 iaec

212 4522 298 4574 444444
321 4521 417 4575 deesse
441 4523 467 4574 in
484 4521 531 4573 Ld.
555 4521 620 4574 lulso
642 4523 722 4574 tradit
738 4524 781 4574 Or.
799 4522 824 4573 2.
845 4550 872 4560 -
900 4521 940 4573 49.
965 4535 996 4574 uo
1017 4521 1103 4572 4444444
1126 4519 1191 4570 dett.
1210 4520 1240 4570 0.
1264 4543 1291 4553 -
1317 4515 1358 4566 29.
1380 4513 1432 4565 siue
1454 4515 1543 4578 aliquo

211 4595 420 4649 somnusue.
449 4596 486 4648 Cl.
505 4597 593 4648 uauv.
611 4611 638 4664 p.
658 4599 714 4649 494.
735 4624 761 4633 -
781 4597 883 4649 eiectum
900 4595 936 4648 143
953 4592 981 4645 i:
1009 4597 1112 4647 eiectum
1129 4595 1162 4654 C;
1187 4595 1305 4644 iniectum
1322 4589 1386 4641 dett.
1406 4617 1432 4626 -
1452 4591 1492 4642 22.
1511 4605 1543 4642 uc

211 4677 359 4735 4444444444
374 4673 410 4732 li;
437 4677 460 4723 44
481 4675 540 4724 4444.
563 4671 607 4722 93.
629 4699 657 4710 -
672 4671 879 4736 pecuniosissimis
895 4671 946 4723 aa:
970 4671 1110 4733 pecuniosis
1130 4668 1195 4720 dett.
1214 4669 1243 4719 0.
1262 4692 1289 4701 -
1308 4665 1349 4716 23.
1374 4669 1467 4716 metum
1487 4677 1541 4718 om.

211 4745 258 4798 113.
278 4773 305 4784 -
324 4745 366 4798 24.
385 4745 485 4807 iudices,
505 4745 537 4795 uli
552 4745 595 4797 iiio
612 4748 689 4810 lagg.
708 4750 815 4812 praeter
831 4748 872 4811 29,
891 4747 926 4808 03
949 4745 1049 4808 abipso
1066 4756 1139 4808 susp.
1159 4739 1244 4804 Halm,
1263 4737 1323 4792 coll.
1341 4740 1372 4789 V.
1391 4739 1415 4804 5.
1434 4737 1492 4791 446.
1511 4767 1538 4778 -

212 4820 255 4874 25.
273 4822 304 4874 44
320 4821 433 4873 44444944
447 4823 500 4874 iam
516 4821 581 4873 deit.
601 4823 629 4873 0.
650 4848 677 4858 -
697 4821 738 4874 21.
758 4827 825 4885 pert.
847 4835 913 4885 susp.
938 4821 1000 4884 ng.
1022 4822 1130 4884 praeter
1145 4817 1191 4880 29,
1214 4816 1243 4867 0.
1270 4813 1436 4878 (aispiiioucm
1452 4814 1491 4878 a.)
1511 4841 1538 4852 -

213 4895 255 4947 28.
273 4897 412 4948 melodium
432 4908 486 4948 om.
506 4896 585 4961 Lagg.
607 4898 715 4962 praeter
737 4895 778 4950 12.
799 4925 826 4934 -
845 4897 886 4948 29.
909 4895 968 4946 iiiuc
987 4906 1086 4944 4444444
1107 4891 1186 4957 1429.
1206 4916 1235 4927 -
1254 4889 1295 4942 39.
1318 4889 1362 4939 isto
1383 4901 1436 4940 om.
1461 4889 1539 4954 lagg.

214 4973 321 5036 praeter
336 4972 379 5024 29.
398 4999 425 5010 -
444 4985 475 5023 os
491 4973 534 5034 qui
551 4971 587 5024 113
610 4971 667 5037 (sed
684 4973 716 5022 Gi
741 4985 773 5022 44
789 4972 867 5038 quisl:
889 4985 920 5023 44
936 4969 1000 5021 dett.
1020 4969 1049 5020 0.
1076 4967 1277 5019 Distinctionem
1294 4963 1405 5015 mutavit
1421 4963 1539 5027 Zumpt,

215 5059 278 5100 nam
294 5049 373 5100 antea
389 5049 429 5100 sio
445 5049 504 5098 erat
519 5047 687 5100 distinctum:
704 5049 750 5098 isu
765 5047 804 5100 sit.
821 5049 860 5099 Ne
870 5074 907 5085 --
915 5045 1028 5110 possitis:
1045 5059 1096 5096 coo
1112 5041 1382 5106 49.-4444444414.
1402 5037 1448 5102 (sic
1460 5040 1540 5092 etiam

216 5119 298 5186 41144.)
311 5148 339 5160 -
353 5123 394 5174 34.
409 5122 488 5188 possit
498 5125 531 5174 ii:
546 5128 628 5186 posset
639 5121 688 5183 (333
704 5123 803 5186 possitis
814 5121 878 5173 dett.
892 5122 921 5173 0.
936 5147 963 5158 -·
978 5116 1290 5184 superinducamus.
1305 5139 1333 5151 -
1347 5113 1388 5164 33.
1401 5113 1538 5182 conmisso]

215 5199 428 5265 4444441429.
443 5225 471 5237 -
487 5197 784 5266 iiadpuiosustla-
798 5185 1538 5262 utpusJuchit.-udcliudii3:udcdctiuddett0.
