3638 5868
175 361 179 368 ,
257 319 320 396 MS
487 325 488 332 '
631 329 674 394 nt
694 325 862 396 VERREM
882 324 1005 393 ACTIO
1028 323 1211 393 SECUNDA

256 499 520 568 innumerabilem
541 499 710 583 pecuniam
730 495 835 562 iacere
857 519 929 563 eum
951 501 1076 582 posset,
1103 515 1169 561 nou
1190 495 1300 560 statuit
1320 493 1380 558 sihi
1402 492 1610 579 quidquam¹

257 597 373 672 licere,
403 595 490 680 quod
519 613 585 658 non
615 600 738 677 patrem
766 613 876 668 suum,
909 611 1088 656 nonarum
1110 591 1149 668 Q.
1171 590 1350 665 Metellum,
1373 587 1585 664 clarissimum

143 721 150 735 s
257 691 435 765 hominem,
457 688 562 753 iacere
583 687 731 752 vidisset:
755 687 788 751 C.
803 689 915 752 Verres
929 687 1123 770 reperietur,
1146 685 1219 770 qui,
1241 681 1400 769 quidquid
1422 682 1583 765 expediat,

256 783 291 848 id
312 785 408 848 licere
431 783 537 847 dicati
566 782 653 867 quod
680 801 774 845 nemo
795 779 858 845 nisi
880 781 1044 865 improbus
1065 779 1191 854 iecerit,
1220 779 1254 842 id
1275 779 1411 843 aliorum
1433 776 1583 867 exemplo

235 891 292 944 ose
313 878 427 943 iecisse
450 877 623 941 defendat?
666 876 748 939 XCI.
770 876 811 938 at
831 875 866 939 in
882 874 990 938 Sicilia
1010 873 1186 939 factitatum
1209 881 1266 937 est.
1281 869 1435 952 4013&
1452 877 1500 934 en
1520 872 1584 936 ista

257 973 405 1037 condicio
428 971 555 1035 Siciliae
599 991 672 1046 cur,
694 989 777 1054 quae
800 969 921 1054 optimo
943 969 1011 1032 iure
1026 975 1157 1052 propter
1170 973 1375 1040 vetustatem,
1396 964 1581 1030 fidelitatem

257 1066 527 1151 propinquitatem
577 1083 594 1127 e
623 1084 693 1128 esse
722 1063 830 1139 debet,
863 1063 939 1126 huic
967 1061 1140 1146 praecipua
1167 1061 1220 1123 lex
1248 1061 1383 1125 iniuriae
1412 1056 1582 1124 delinitur?

258 1155 331 1224 iti.
354 1158 418 1223 Sed
439 1159 473 1222 iu
494 1159 555 1222 ista
575 1158 646 1242 ipsa
668 1157 777 1222 Sicilia
797 1177 864 1221 nou
886 1174 1036 1242 quaeram
1060 1153 1241 1238 exemplum
1256 1153 1356 1218 ioris:
1377 1153 1439 1218 hoc
1454 1153 1526 1238 ipso
1541 1173 1581 1217 ex

258 1253 394 1318 consilio
420 1259 493 1317 utar
520 1251 686 1336 exemplis.
734 1251 767 1314 C.
794 1251 958 1325 Marcelle,
990 1257 1021 1314 te
1051 1249 1188 1333 appello.
1233 1248 1361 1312 Siciliae
1389 1249 1581 1334 provinciae,

221 1364 330 1416 tecum
353 1367 438 1412 esses
461 1367 519 1430 pro
542 1346 688 1420 consule,
713 1345 889 1428 praefuisti.
931 1346 1013 1407 Num
1036 1344 1173 1429 quaein
1195 1351 1250 1406 tuo
1273 1341 1406 1426 imperio
1428 1345 1582 1426 pecuniae

258 1443 356 1507 cellae
384 1442 513 1506 nomine
542 1449 669 1504 coactae
699 1442 799 1502 sunt?
831 1440 942 1521 Neque
973 1459 1031 1520 ego
1053 1438 1114 1501 hoc
1137 1437 1171 1500 in
1192 1447 1247 1502 tua
1268 1435 1362 1500 laude
1384 1457 1488 1521 pono:
1520 1438 1581 1501 alia

258 1545 332 1602 sunt
352 1544 408 1601 tua
429 1535 629 1620 iactentque
651 1533 801 1608 consilia,
823 1552 945 1597 summa
963 1531 1057 1595 laude
1073 1531 1184 1616 digna,
1206 1531 1323 1615 quihus
1343 1531 1432 1595 illam
1453 1539 1488 1596 tu
1509 1551 1582 1617 pro·

257 1633 394 1696 vinciam
416 1630 564 1694 afflictam
587 1635 618 1692 et
638 1627 795 1712 perditam
817 1626 947 1690 erexisti
968 1633 1065 1710 atque
1085 1627 1245 1690 recreasti.
1276 1627 1355 1689 Nam
1371 1625 1433 1690 hoc
1448 1627 1488 1690 de
1503 1626 1582 1690 cella

257 1723 297 1790 n'e
325 1724 466 1808 Lepidus
493 1725 624 1807 quidem
653 1723 788 1796 iecerat,
818 1721 869 1785 cui
898 1727 933 1784 tu
963 1719 1154 1784 successisti.
1198 1719 1288 1796 Quae
1310 1728 1386 1784 sunt
1407 1722 1465 1784 tihi
1487 1722 1583 1805 igitur

221 1832 249 1886 is
258 1819 404 1902 exempla
424 1819 458 1881 in
481 1818 590 1882 Sicilia
611 1817 727 1891 cellae,
755 1816 782 1879 si
803 1815 865 1878 hoc
887 1815 1007 1877 crimen
1028 1835 1094 1878 non
1116 1815 1211 1877 modo
1233 1813 1374 1878 Marcelli
1396 1814 1498 1892 iacto,
1527 1815 1582 1878 sed

257 1935 297 1980 ne
319 1914 432 1997 Lepidi
462 1913 592 1998 quidem
620 1920 713 1996 potes
736 1909 929 1974 defenderet
972 1904 1044 1971 itti.
1066 1910 1116 1971 An
1139 1928 1189 1971 me
1211 1908 1252 1971 ad
1273 1909 1313 1972 M.
1335 1909 1467 1973 Antonii
1489 1909 1583 1974 aesti-

257 2009 429 2073 mationem
450 2005 601 2071 irumenti
624 2007 886 2088 exactionemque
909 2007 1064 2090 pecuniae
1086 2011 1291 2068 revocaturus
1314 2008 1371 2068 es?
1388 2037 1430 2052 -
1451 2005 1514 2080 Ita,
1535 2005 1584 2066 in·

258 2103 345 2188 quit,
373 2103 413 2165 ad
440 2104 482 2166 M.
503 2101 645 2165 Antonii.
666 2133 708 2147 -
735 2101 804 2163 Hoc
831 2101 916 2163 enim
945 2099 1021 2163 mihi
1053 2096 1248 2183 significasse
1271 2104 1303 2162 et
1324 2099 1475 2163 annuisse
1496 2099 1583 2162 visus

258 2203 315 2262 est.
349 2197 399 2259 Ex
421 2195 569 2260 omuibus
590 2196 687 2278 igitur
709 2194 821 2278 populi
834 2194 967 2257 Romani
989 2194 1204 2276 praetoribus,
1227 2193 1427 2268 consulibus,
1448 2193 1584 2278 impera-

220 2289 379 2358 rotoribus
401 2289 443 2353 M.
458 2288 632 2353 Antonium
647 2287 791 2372 delegisti
811 2291 844 2352 et
858 2289 927 2352 eius
941 2308 1041 2352 unum
1056 2287 1326 2371 improbissimum
1341 2286 1474 2362 iactum,
1497 2286 1584 2370 quod

256 2385 426 2448 imitarere.
468 2383 510 2444 Et
529 2381 582 2444 hic
603 2389 709 2446 utrum
731 2382 809 2446 mihi
832 2379 961 2446 difficile
984 2389 1032 2446 est
1053 2382 1158 2445 dicere
1180 2401 1221 2445 an
1242 2381 1293 2444 his
1315 2380 1512 2454 existimare,
1538 2379 1583 2442 ita

258 2499 292 2542 se
314 2477 348 2542 in
370 2477 432 2541 isto
454 2475 580 2539 infinito
602 2476 736 2560 imperio
758 2479 800 2540 M.
815 2477 989 2540 Antonium
1011 2476 1164 2560 gessisse,
1185 2482 1222 2538 ut
1239 2474 1339 2538 multo
1354 2473 1407 2537 isti
1428 2474 1584 2557 pernicio·

259 2573 324 2635 sius
359 2571 401 2634 sit
431 2570 536 2634 dicere
564 2590 597 2633 se
626 2572 659 2632 in
689 2589 723 2633 re
752 2570 989 2654 improbissima
1017 2571 1157 2634 voluisse
1186 2571 1228 2633 M.
1250 2569 1425 2633 Antonium
1450 2567 1582 2644 imitari,

259 2683 355 2749 quom
387 2665 415 2727 si
448 2669 558 2747 posset
587 2663 757 2730 defendere
786 2665 865 2728 nihil
893 2666 926 2727 in
954 2665 1021 2728 vita
1050 2653 1092 2727 se¹
1107 2665 1148 2726 M.
1170 2663 1301 2726 Antonii
1323 2661 1427 2726 simile
1447 2662 1583 2726 iecisse?

220 2758 412 2828 suomines
434 2758 467 2820 in
490 2757 617 2822 iudiciis
640 2759 679 2822 ad
702 2758 821 2822 crimen
837 2758 1071 2822 defendendum
1086 2777 1166 2833 non,
1190 2757 1268 2842 quid
1287 2757 1400 2821 iecerit
1415 2756 1583 2840 quispiam,

258 2850 401 2936 proferre
423 2852 541 2927 solent,
564 2853 620 2916 sed
642 2853 720 2938 quid
743 2853 893 2936 probarit
928 2853 1120 2926 Antonium,
1143 2873 1215 2916 cum
1237 2851 1336 2915 multa
1357 2858 1466 2914 contra
1481 2852 1585 2915 socio-

257 2962 328 3008 rum
350 2945 499 3022 salutem,
521 2946 621 3011 multa
641 2955 753 3012 contra
774 2942 944 3012 utilitatem
966 2946 1203 3030 provinciarum
1223 2953 1254 3010 et
1274 2946 1392 3010 faceret
1413 2953 1446 3011 et
1466 2945 1585 3030 cogita·

258 3046 322 3113 ret,
354 3039 389 3102 in
418 3040 531 3104 mediis
560 3041 684 3105 iniuriis
714 3043 781 3106 eius
810 3048 842 3106 et
864 3041 1091 3126 cupiditatibus
1113 3060 1198 3105 mors
1221 3021 1475 3125 oppressitlru
1496 3038 1584 3113 mihi,

259 3133 351 3218 quasi
374 3135 482 3198 omnia
502 3135 571 3199 eius
592 3135 675 3199 iacta
701 3142 798 3221 atque
821 3136 957 3200 consilia
978 3141 1107 3199 senatus
1127 3134 1335 3220 populusque
1356 3135 1515 3200 Romanus
1537 3133 1585 3200 iu-

324 3387 348 3438 t.
366 3386 646 3451 nunnamenster:
664 3401 721 3439 cnm
737 3401 791 3441 om.
810 3387 867 3440 rell.
886 3388 915 3439 0.
936 3415 964 3426 -
990 3389 1014 3438 2.
1033 3401 1085 3437 non
1100 3387 1161 3436 ante
1174 3390 1276 3449 ponem
1293 3387 1320 3438 et
1337 3388 1366 3450 (i.
1384 3397 1438 3436 om.
1456 3385 1535 3450 4344.
1555 3412 1583 3422 -

258 3461 424 3513 clarissimum
440 3461 563 3512 nomines
579 3462 647 3526 [342
659 3476 697 3525 φτ
725 3476 778 3514 om.
801 3461 858 3514 rell.
878 3465 906 3514 0.
930 3462 1007 3527 [Cum
1025 3463 1078 3514 Cic.
1096 3462 1181 3512 oimnn
1202 3461 1367 3512 staminum
1383 3462 1474 3516 dicere
1490 3461 1583 3526 soleat,

259 3535 407 3587 verendum
426 3538 466 3588 est
483 3549 516 3587 ne
533 3537 567 3589 sit
584 3535 725 3599 glossema.
745 3538 837 3600 Hira]
857 3563 885 3574 -
907 3537 931 3588 3.
951 3537 1068 3600 quicquid
1084 3535 1169 3601 Lgti:
1189 3534 1369 3599 concretio.
1385 3563 1410 3576 -
1431 3536 1455 3589 4.
1474 3539 1509 3588 od
1524 3538 1586 3588 utio-

258 3625 318 3662 rnm
333 3611 449 3674 sumpta
463 3613 548 3676 secisse
565 3613 627 3677 (om.
645 3615 672 3663 id
689 3615 716 3664 et
731 3615 764 3674 se)
781 3613 858 3678 Lgii.
880 3642 907 3651 -
926 3615 951 3664 7.
966 3615 1228 3677 propinquitatemque
1244 3613 1325 3678 [344ι
1345 3625 1392 3677 qne
1408 3626 1462 3665 om.
1480 3612 1536 3669 rell
1553 3616 1583 3666 0.

261 3713 290 3726 -
308 3688 442 3750 praecipue
458 3700 520 3739 cum
534 3689 637 3740 Hotom.
651 3690 679 3739 L.
695 3715 720 3727 -
741 3689 765 3740 8.
784 3689 845 3754 ipso]
862 3689 945 3752 prisco
959 3688 1036 3752 Lgli.
1051 3714 1077 3726 -
1099 3687 1122 3738 9.
1136 3688 1239 3739 concilio
1251 3687 1299 3739 ΑΒ
1312 3687 1389 3751 [329.
1405 3715 1432 3724 κ
1447 3687 1486 3739 to.
1496 3687 1586 3752 procis

260 3761 342 3826 [348;
358 3761 591 3824 prooemiaris.
613 3792 640 3802 -
658 3778 719 3814 num
736 3777 800 3828 quoe
816 3766 853 3828 in]
868 3777 982 3826 nnqnnm
1000 3766 1074 3825 [nont
1093 3764 1213 3827 ntiquom)
1233 3761 1313 3826 Lali,
1332 3765 1359 3813 in
1376 3775 1429 3814 om.
1449 3765 1539 3816 Fraoc.
1555 3790 1581 3800 -

261 3839 301 3888 te.
319 3849 436 3899 enormia
452 3835 530 3902 [344.
551 3867 577 3877 -
602 3838 642 3890 tt.
661 3840 873 3906 adfiictam--in
889 3839 932 3890 itio
949 3838 973 3902 5.
991 3837 1049 3890 iti.
1067 3851 1092 3888 v.
1113 3840 1152 3890 ta.
1172 3839 1254 3890 habet
1270 3839 1300 3890 V.
1321 3866 1348 3875 -
1376 3838 1417 3891 44.
1435 3854 1466 3891 ne
1481 3841 1587 3904 Lepidm

261 3911 330 3976 agit
341 3912 376 3962 V:
394 3917 452 3963 unm
467 3927 499 3964 ne
509 3913 567 3978 lep.
581 3913 663 3979 [344;
682 3921 740 3965 unte
756 3917 813 3978 Lep.
828 3913 883 3966 rell.
900 3941 928 3950 -
946 3913 1032 3978 ipitssr]
1051 3915 1094 3976 qni
1110 3913 1187 3976 agla.
1204 3940 1230 3951 -
1250 3915 1289 3965 to.
1308 3914 1335 3962 in
1351 3914 1402 3964 Sic.
1415 3915 1490 3965 cetico
1506 3915 1536 3979 ss]
1553 3929 1586 3966 ec

261 3987 349 4038 Sicilie
364 3987 440 4038 celtae
455 3990 509 4039 siV
527 3989 568 4054 (ct.
582 3989 606 4053 5.
618 3989 698 4053 438.);
717 3991 818 4042 Siciliae
834 3989 903 4054 [34[
915 4002 968 4039 om.
983 3987 1039 4039 rell.
1054 4016 1082 4026 -
1102 3990 1141 4040 (6.
1161 3990 1195 4039 cd
1205 3989 1295 4040 Antoni
1305 3989 1340 4050 V;
1359 3991 1394 4039 ud
1404 3991 1439 4040 n.
1451 3991 1585 4042 Antonium

263 4062 372 4126 Lata-
385 4069 488 4114 motum.
498 4063 562 4114 V.-
576 4065 616 4114 te.
627 4065 769 4116 omnime
781 4068 808 4116 et
820 4064 901 4130 Lgli:
915 4063 1056 4114 omnibusne
1067 4063 1122 4117 rell.
1137 4066 1197 4115 0.—
1208 4079 1268 4128 pop.
1280 4065 1350 4114 Rern.
1364 4078 1418 4116 om.
1431 4065 1461 4118 V.
1476 4065 1584 4133 [Recta]

258 4141 343 4202 praet.
354 4137 431 4203 cosm]
442 4138 631 4200 proconntiibns
642 4139 710 4204 Lgii
723 4141 781 4190 etN
799 4153 831 4190 ex
848 4140 1006 4204 compendio
1017 4141 1064 4191 aa.
1077 4140 1144 4190 COS.
1158 4140 1234 4202 (008.
1247 4141 1326 4190 etiam
1339 4139 1380 4202 V.)
1393 4167 1420 4176 -
1430 4141 1471 4191 rt.
1489 4143 1585 4193 imitere

262 4212 340 4277 Lgli.
355 4239 382 4248 -
395 4212 440 4277 nis]
458 4213 570 4278 43[349;
590 4227 622 4265 en
638 4214 675 4264 iis
692 4214 738 4275 44;
757 4215 840 4265 annm
851 4227 904 4266 om.
917 4215 980 4267 V.-
999 4215 1130 4266 antenore
1147 4213 1212 4265 dett.
1224 4240 1251 4249 -
1270 4214 1310 4266 ii.
1329 4215 1376 4264 isto
1388 4213 1481 4266 codd:
1500 4215 1542 4265 ilio
1554 4217 1583 4267 0.

264 4316 292 4327 -
305 4288 346 4338 23.
364 4300 390 4338 se
405 4289 460 4339 inre
475 4289 749 4354 improbissimorum
767 4291 865 4349 ὀίσατο(
875 4303 904 4340 re
919 4291 947 4339 in
962 4289 1145 4354 improbissimo
1155 4291 1185 4340 V.
1200 4289 1261 4352 (Br.)
1273 4316 1300 4326 -
1318 4289 1353 4340 n.
1365 4291 1422 4340 Ant.
1435 4291 1531 4342 imitus-i
1546 4291 1584 4343 V:

262 4365 359 4414 imitari
373 4366 431 4415 Ant.
444 4363 526 4429 [342ς
544 4366 600 4415 Ant.
618 4365 717 4416 imitari
733 4363 790 4415 rell.
803 4365 832 4415 0.
848 4392 876 4401 κ
894 4363 934 4416 il.
953 4365 974 4415 si
989 4372 1068 4428 posset
1084 4367 1131 4430 des.
1146 4365 1213 4430 agia
1225 4365 1275 4416 FV
1287 4367 1326 4426 et,
1345 4367 1374 4415 ut
1384 4367 1501 4430 ridetur,
1519 4369 1582 4419 AB:

263 4439 369 4502 siccem
379 4439 427 4504 del.
439 4439 521 4504 [349ς
539 4440 619 4505 sidet.
632 4441 709 4504 possit
720 4440 784 4500 ΝΟ,
802 4441 912 4503 reposcit
922 4441 969 4504 det.
983 4440 1039 4493 rell.
1059 4441 1097 4494 ct.
1111 4441 1144 4492 de
1156 4442 1329 4506 grammatica
1339 4441 1441 4492 ratione
1454 4439 1504 4492 loci
1515 4442 1584 4494 Bake

263 4513 297 4564 ad
316 4515 393 4578 legg.
406 4527 433 4578 p.
446 4514 502 4566 3⁰0.
516 4543 543 4553 -
555 4516 688 4576 AntoniV;
706 4517 811 4567 Antonio
823 4515 837 4566 i
850 4517 927 4580 lagg.
941 4516 1005 4568 dett.
1018 4543 1045 4553 -
1061 4518 1102 4568 ao.
1117 4517 1223 4567 nominis
1239 4515 1317 4580 Lgli.
1329 4542 1356 4551 -
1376 4529 1427 4566 non
1443 4521 1471 4566 ut
1487 4517 1583 4580 quisV.

265 4616 293 4626 -
311 4589 352 4639 iti.
368 4588 485 4652 pretorii
499 4592 523 4640 V
540 4593 617 4656 (Be),
636 4595 665 4642 ut
681 4593 785 4643 Hotom.
804 4593 932 4644 coniecit:
947 4593 1081 4656 proderint
1097 4591 1153 4645 rell.
1168 4620 1196 4630 -
1213 4593 1337 4643 soeiornm
1353 4596 1441 4642 contro
1459 4591 1534 4655 [344.
1556 4618 1583 4627 -

263 4663 304 4715 [7.
317 4664 449 4715 utimum
460 4665 528 4730 [344
540 4667 604 4717 NV:
622 4667 773 4717 volantatem
790 4666 846 4718 rell.
863 4696 891 4705 -
909 4671 932 4718 et
948 4669 1000 4718 ium
1016 4668 1109 4732 smeret
1119 4668 1141 4715 V
1154 4667 1226 4731 (Bri,
1244 4681 1294 4719 nec
1313 4669 1402 4718 tamen
1419 4668 1522 4720 certum
1534 4667 1584 4729 est,

264 4751 328 4789 num
346 4740 380 4789 ita
397 4739 424 4790 in
442 4739 501 4792 cod.
515 4745 608 4793 exstet.
621 4768 648 4778 -
667 4743 708 4793 [8.
726 4742 826 4793 iniuriis
842 4743 894 4793 cine
911 4745 937 4793 et
953 4743 994 4793 29.
1008 4743 1093 4792 omnio
1109 4743 1161 4792 eins
1172 4742 1256 4806 igin:
1276 4742 1329 4793 eins
1344 4743 1388 4792 ini.
1402 4743 1429 4792 et
1439 4741 1492 4790 nus
1501 4741 1586 4791 omniu

264 4814 287 4864 V
300 4814 360 4877 (tir.)
373 4812 429 4865 rell.
442 4816 471 4866 0.
487 4844 513 4853 —
531 4816 573 4868 29.
590 4817 660 4880 sueto
677 4818 760 4883 etque]
776 4817 893 4882 [actuque
903 4816 980 4881 agia.
990 4844 1017 4853 -
1035 4831 1086 4868 sen.
1101 4817 1370 4880 omniscientis]
1388 4817 1427 4868 sic
1439 4818 1456 4867 F
1468 4817 1495 4868 et
1506 4815 1583 4868 codd.

263 4887 321 4940 rell.
335 4893 440 4956 praeter
456 4888 534 4956 [34[,
553 4893 598 4956 qui
614 4904 662 4953 qne
672 4892 752 4954 Rom,
770 4895 797 4943 et
807 4893 838 4952 V,
857 4893 902 4957 qui
918 4893 1127 4943 indicesomittit:
1146 4893 1255 4958 [itidices]
1267 4891 1301 4944 de
1312 4893 1373 4944 Ero.
1387 4893 1454 4943 coni.
1468 4892 1497 4954 0,
1516 4906 1584 4958 quae

265 4979 336 5018 nunc
356 4979 372 5016 a
393 4965 485 5018 codice
507 4965 675 5016 Vfirmatur.
702 4966 754 5018 Sed
775 4968 811 5018 ita
834 4966 943 5017 oiiendit
959 4979 1086 5017 uumerus
1102 4966 1210 5032 pluralis
1226 4966 1301 5018 verbi
1317 4968 1513 5031 comprobon'nt,
1539 4969 1585 5034 qui

266 5040 337 5109 apud
354 5043 409 5094 Cic.
428 5055 481 5095 non
498 5042 664 5108 coniungitur
679 5055 742 5095 cum
758 5041 799 5095 his
816 5043 986 5095 substantivis
1003 5042 1198 5110 dempsistis,
1216 5043 1308 5110 ntique
1326 5043 1397 5112 apud
1412 5045 1466 5097 Lis.
1484 5043 1525 5108 37,
1543 5043 1585 5110 li,
