3642 5862
311 421 375 490 390
683 421 726 486 IN
746 417 913 486 samaa
933 417 1055 485 ACTIO
1077 417 1261 484 SECUNDA

312 596 359 658 sic
379 594 462 658 banc
475 592 614 658 Tertiam
635 589 757 665 dilexit,
776 597 814 654 nt
828 609 897 654 cam
912 609 1020 654 secum
1034 609 1076 652 ex
1090 588 1253 670 provincia
1266 587 1456 672 deportaret.
1484 583 1575 654 lma
1590 589 1652 656 Aa:
1711 569 1728 587 ’

312 709 371 772 per
390 687 450 753 bos
473 685 558 762 dies,
586 705 658 750 cum
678 685 739 748 iste
761 704 833 748 cum
853 683 951 767 pallio
973 701 1131 767 purpureo
1153 683 1307 768 talarique
1327 685 1434 748 tunica
1453 691 1650 750 varmmtnr

312 785 347 848 in
369 780 522 846 conviviis
544 778 767 853 muliebribus,
788 797 853 842 non
875 776 1114 840 offendebantur
1129 777 1295 853 homines,
1315 797 1420 860 neque
1434 779 1570 844 moleste
1589 778 1648 842 fe-

312 877 424 940 rebant
445 875 555 939 abesse
577 894 596 937 a
616 872 686 936 soro
707 873 950 954 magistratum,
963 890 1028 934 nou
1049 870 1098 933 ius
1112 869 1189 946 dici,
1211 891 1275 936 non
1288 871 1407 936 iudicia
1419 869 1504 938 ficri:
1525 873 1643 938 locum

289 971 401 1036 sillum
432 969 532 1034 litoris
561 984 745 1052 percrepare
773 972 873 1030 totum
894 963 1061 1028 mulierum
1083 965 1212 1030 vocibus
1234 973 1391 1047 cantuque
1412 968 1641 1052 symphoniae,

310 1065 346 1129 in
366 1063 437 1128 loro
460 1062 621 1126 silentium
643 1079 714 1124 esse
736 1077 893 1122 summum
915 1077 1077 1122 causanrm
1098 1067 1196 1143 atque
1218 1060 1306 1133 iuris,
1328 1080 1391 1124 non
1411 1060 1555 1126 terebant
1573 1060 1642 1124 bo-

311 1160 413 1223 minas
428 1142 662 1248 moleste:(non
683 1153 769 1216 enim
790 1153 839 1215 ius
861 1150 972 1215 abesse
987 1150 1151 1216 ridebatur
1172 1172 1191 1217 a
1210 1152 1279 1218 loro
1300 1173 1404 1238 neque
1424 1146 1552 1244 iudicia)
1574 1155 1642 1218 sed

310 1253 358 1316 vis
387 1259 419 1314 et
446 1249 615 1314 crudelitas
645 1255 677 1311 et
702 1247 857 1311 bonoram
878 1244 991 1310 acerba
1013 1241 1045 1309 et
1070 1246 1200 1329 indigna
1222 1247 1368 1331 direptio.
1410 1245 1462 1311 32.
1483 1248 1575 1312 llnnc
1597 1255 1641 1312 tu

310 1346 407 1430 igitur
427 1345 649 1429 imperatorem
671 1361 741 1404 esse
763 1339 925 1416 defendis,
947 1339 1118 1428 Hortensii
1143 1339 1237 1406 buius
1257 1341 1355 1418 furta,
1376 1342 1521 1425 rapinas,
1541 1343 1641 1425 copi·
1799 1364 1800 1404 l

274 1440 459 1514 ruditatem,
482 1436 716 1510 crudelitatem,
739 1435 933 1519 superbiam,
956 1432 1076 1507 scelus,
1097 1433 1261 1499 audaciam
1275 1445 1550 1518 rerumgestarum
1565 1457 1640 1500 ma·

310 1531 475 1616 gnitudiue
504 1541 600 1616 atque
622 1530 831 1614 imperatoriis
865 1528 1011 1593 laudibus
1032 1535 1140 1611 tegere
1161 1529 1308 1594 conaris?
1350 1530 1411 1594 llic
1439 1531 1559 1596 scilicet
1582 1538 1641 1596 est

309 1625 595 1700 metuendumne
617 1623 657 1689 ad
679 1626 800 1688 exitum
823 1613 1028 1696 defensionis)
1040 1631 1114 1688 tuae
1135 1631 1225 1688 vetus
1243 1623 1298 1687 illa
1312 1613 1638 1694 Antonianaflicendi

309 1721 390 1786 ratio
420 1729 516 1806 atque
537 1719 705 1784 auctoritas
727 1717 929 1805 proferatur)
953 1736 995 1780 ne
1017 1717 1174 1782 excitetur
1194 1719 1324 1794 Verres,
1352 1739 1393 1783 ne
1415 1717 1593 1782 denudetur
1612 1737 1638 1782 a

309 1823 453 1901 pectore,
486 1833 526 1876 ue
555 1812 717 1876 cicatrices
746 1803 881 1894 populus
910 1813 1068 1876 Romanus
1098 1812 1253 1894 adspiciat
1274 1833 1315 1877 ex
1336 1813 1503 1877 mulierum
1524 1832 1636 1876 morsu

272 1909 444 1992 tarestiqia
472 1905 613 1970 libidinis
641 1913 736 1989 atque
757 1906 931 1988 nequitiae.
976 1901 1027 1968 33.
1048 1905 1088 1968 lli
1114 1905 1247 1983 iaciant,
1274 1916 1310 1972 ut
1337 1908 1384 1971 rei
1406 1907 1566 1981 militaris,
1597 1915 1636 1970 ut

308 2003 385 2068 belli
412 2001 603 2066 mentionem
631 1999 736 2064 lacera
765 1998 899 2062 audeasl
938 1999 1172 2082 Cognoscentur
1198 2001 1286 2066 anim
1317 2003 1424 2066 omnia
1444 1999 1537 2064 istius
1557 2019 1634 2064 aera

309 2098 364 2164 illa
384 2102 508 2170 ratem,
538 2101 657 2158 utnon
680 2095 782 2157 solum
804 2094 839 2160 in
860 2093 1008 2178 imperio,
1037 2113 1145 2158 verum
1168 2096 1263 2158 ctiam
1287 2097 1319 2160 in
1342 2095 1506 2178 stipendiis
1527 2093 1632 2179 qualia

308 2191 419 2266 fuerit,
450 2188 653 2271 intelligatis:
681 2187 882 2252 renovabitur
908 2187 1010 2271 prima
1036 2187 1092 2251 illa
1111 2187 1241 2264 militia,
1270 2209 1341 2262 cum
1363 2190 1423 2254 iste
1445 2210 1463 2254 e
1485 2190 1554 2254 loro
1575 2189 1634 2253 ab·

309 2286 399 2361 duci,
421 2303 502 2358 non,
524 2291 560 2347 ut
579 2282 650 2364 ipse
671 2281 847 2365 praedicat,
868 2281 1000 2363 perduci
1014 2280 1153 2345 solebat:
1175 2281 1323 2348 aleatoris
1337 2283 1513 2350 Placentini
1532 2291 1635 2350 castra

272 2375 652 2447 recommemorabuntur,
684 2375 717 2438 iu
740 2374 856 2458 quibus
877 2394 948 2438 cam
969 2373 1119 2459 frequens
1139 2374 1267 2452 inisset,
1289 2384 1394 2442 tamen
1415 2397 1488 2442 aare
1511 2376 1633 2442 dirutus

310 2482 376 2536 est:
403 2469 503 2533 multa
533 2471 603 2534 eius
631 2469 664 2531 in
694 2469 862 2552 stipendiis
891 2468 1006 2533 damna
1027 2468 1241 2553 proferentur,
1272 2491 1353 2555 quae
1375 2471 1414 2534 ab
1435 2472 1497 2537 isto
1520 2471 1633 2536 aetatis

308 2565 414 2630 fructu
443 2563 597 2626 dissoluta
626 2567 658 2626 et
686 2570 887 2645 compensata
916 2569 999 2625 sunt.
1042 2559 1094 2625 34.
1117 2564 1182 2626 lam
1203 2584 1277 2628 vcro
1302 2585 1372 2628 cum
1398 2566 1431 2629 in
1454 2563 1633 2628 eiusmodi

309 2659 463 2744 patientia
483 2655 692 2739 turpitudinis
713 2655 833 2730 aliena,
855 2676 919 2719 noo
942 2675 998 2720 sua
1019 2659 1162 2722 satietate
1184 2658 1401 2722 obduurisset:
1424 2659 1479 2742 qni
1494 2660 1543 2722 rir
1562 2658 1633 2723 ine·

309 2754 368 2826 rit,
396 2758 473 2834 quot
497 2749 670 2834 praesidia,
699 2769 795 2832 quam
822 2749 943 2814 munita
969 2748 1098 2833 pudoris
1121 2760 1153 2815 et
1180 2752 1350 2835 padicitiae
1376 2753 1408 2817 vi
1437 2760 1470 2816 et
1499 2751 1632 2816 audacia

272 2844 445 2929 adceperit,
467 2843 544 2928 quid
566 2863 617 2908 me
643 2843 755 2907 attinet
776 2842 882 2906 dicere
911 2862 947 2906 ac
973 2845 1165 2926 coniungere
1188 2866 1260 2909 cum
1280 2846 1373 2912 istius
1392 2843 1511 2929 flagitio
1526 2847 1631 2910 cuius·

309 2958 404 3022 quam
425 2946 589 3022 praeterea
610 2937 768 3003 dedecus?
807 2938 878 3000 Non
907 2936 1035 3013 faciam,
1065 2938 1203 3004 iudices:
1232 2941 1337 3006 omnia
1358 2946 1465 3004 vetera
1493 2946 1632 3024 praeter-

309 3033 445 3098 mittam:
479 3033 541 3098 duo
569 3031 637 3098 sola
664 3032 805 3095 recentia
832 3030 900 3094 sine
923 3031 1109 3116 cuiusquam
1137 3033 1267 3098 infamia
1287 3053 1419 3118 ponam,
1452 3053 1494 3098 ex
1515 3035 1630 3118 quibus

309 3127 522 3192 coniecturam
544 3127 648 3192 facere
662 3125 702 3190 de
717 3125 863 3188 omnibus
878 3125 1024 3210 possitis:
1046 3146 1146 3190 unum
1160 3126 1255 3202 illud,
1278 3128 1362 3210 qnod
1378 3129 1422 3192 ita
1435 3127 1495 3192 init
1508 3127 1629 3192 illustre

309 3226 483 3304 notumque
506 3219 670 3295 omnibus,
691 3227 728 3282 ut
748 3239 841 3282 nemo
859 3226 922 3283 tam
936 3220 1112 3283 rusticanus
1125 3221 1222 3284 bomo
1240 3221 1275 3284 L.
1289 3221 1422 3286 Lucullo
1438 3227 1470 3284 et
1482 3223 1525 3284 bl.
1541 3219 1631 3284 Cotta

270 3314 490 3396 aaronqulibus
513 3315 644 3378 Romam
666 3333 707 3378 ex
729 3311 794 3376 ullo
816 3313 986 3397 municipio
1007 3314 1180 3378 vadimonii
1204 3335 1299 3380 causa
1321 3317 1455 3391 venerit,
1479 3315 1557 3399 quin
1571 3315 1631 3378 sci·

308 3415 357 3470 ret
377 3408 446 3471 iura
468 3408 574 3472 omnia
603 3407 757 3490 praetoris
778 3407 890 3470 urbani
913 3415 993 3470 nuto
1014 3415 1110 3491 atque
1133 3407 1262 3473 arbitrio
1287 3407 1470 3474 Chelidonis
1492 3408 1631 3472 meretri·

309 3500 399 3566 calae
421 3501 609 3584 gubernari:
630 3501 778 3576 alterum,
800 3500 903 3584 qnod,
926 3521 996 3564 cum
1018 3500 1185 3584 paludatus
1207 3503 1325 3566 exisset
1338 3509 1475 3587 votaque
1492 3524 1551 3587 pro
1573 3504 1631 3567 im·

307 3596 397 3681 perio
420 3615 478 3660 suo
502 3596 724 3680 communique
738 3615 773 3659 re
794 3593 922 3678 publiea
937 3601 1166 3677 nuncupasset,
1188 3603 1284 3658 noctu
1298 3596 1398 3680 stupri
1412 3615 1506 3662 causa
1519 3596 1632 3662 lectica

308 3691 341 3754 in
370 3689 480 3754 arbem
507 3687 668 3756 introferri
696 3689 808 3754 solitus
837 3695 886 3752 est
913 3687 954 3752 ad
976 3688 1155 3764 mulierem,
1184 3695 1314 3772 nuptam
1335 3689 1410 3765 uni,
1436 3691 1630 3777 propositam

155 3301 176 3347 l

374 4009 398 4058 t.
416 4010 561 4070 capaciora
577 4004 641 4057 dett.
662 4031 690 4042 -
708 4005 733 4056 6.
750 4005 793 4056 bos
809 4004 862 4056 aa:
890 4018 930 4056 eos
946 4005 1009 4057 dett.
1028 4007 1058 4058 0.
1079 4032 1106 4042 -
1130 4005 1256 4069 talarique
1272 4005 1434 4059 Hotomanus
1451 4004 1510 4058 coll.
1528 4005 1553 4071 5.
1571 4007 1627 4060 aa:

306 4083 414 4148 porique
431 4080 509 4132 codd.
529 4083 557 4132 et
572 4082 639 4132 lton.
657 4093 683 4145 p.
702 4078 758 4130 366.
779 4105 806 4116 -
826 4079 850 4130 3.
868 4079 976 4132 imeae:
993 4083 1028 4133 aa
1040 4079 1070 4132 i:
1096 4082 1205 4134 amaea
1220 4083 1247 4132 ic
1263 4095 1291 4134 aa
1308 4082 1373 4134 dett.
1391 4084 1457 4134 Non.
1475 4083 1504 4132 0.
1525 4107 1553 4117 -
1571 4081 1596 4134 t.
1613 4097 1631 4134 a
1801 4093 1803 4154 4

309 4175 363 4213 om.
382 4160 465 4224 igit:
491 4155 729 4222 innascatur.
749 4159 802 4218 est,
827 4155 876 4206 sed
900 4169 915 4206 a
937 4170 977 4221 pr.
996 4170 1033 4207 m.
1054 4184 1081 4194 -
1100 4157 1184 4208 tuaac
1205 4159 1283 4222 Lagg.
1303 4159 1409 4222 praeter
1424 4157 1466 4208 69.
1493 4155 1630 4221 Vrrlgatam

309 4238 398 4287 tuetur
413 4234 513 4286 Nonius
529 4246 555 4297 p.
574 4233 631 4283 666.
652 4257 679 4268 -
699 4235 724 4284 t.
742 4230 901 4282 muliebribus
915 4245 969 4282 occ.
988 4233 1052 4282 Non.
1072 4231 1088 4282 l.
1107 4229 1124 4282 l.
1140 4258 1167 4268 -
1187 4231 1211 4282 l.
1229 4246 1247 4282 o
1263 4243 1317 4282 om.
1336 4233 1413 4296 lagg.
1432 4231 1590 4296 praeterae.
1601 4259 1629 4272 -

308 4311 333 4361 8.
352 4314 375 4359 et
391 4309 495 4373 iadipao
511 4307 562 4358 aa:
589 4312 664 4370 atqie
680 4308 732 4358 iad.
751 4306 817 4358 dett.
835 4307 865 4357 0.
885 4333 912 4342 -
931 4307 1009 4370 iqitar
1025 4311 1053 4357 ta
1068 4308 1146 4371 lagg.
1164 4309 1272 4372 praeter
1288 4307 1328 4359 li.
1348 4334 1376 4344 -
1397 4308 1435 4358 to.
1453 4309 1585 4358 oododoea
1599 4310 1629 4362 ll.

309 4385 381 4448 (item
398 4381 464 4434 inira
481 4395 507 4433 r.
520 4382 571 4446 66.)
592 4409 619 4420 -
639 4384 678 4435 tt.
697 4383 865 4447 imperatoriis
882 4381 993 4445 agnata
1011 4381 1052 4445 lei.
1072 4383 1096 4447 5.
1110 4384 1134 4434 6.
1147 4382 1229 4434 acad.
1243 4383 1285 4434 lV.
1303 4381 1326 4446 5.
1340 4383 1365 4433 2.
1383 4384 1409 4433 in
1421 4383 1507 4435 vatin.
1525 4384 1550 4449 5.
1562 4383 1628 4448 ill:

307 4457 466 4520 imperatoris
481 4457 534 4518 aa,
557 4458 667 4523 anagg.
687 4460 729 4510 Sic
742 4459 834 4523 paria
849 4459 874 4510 in
893 4459 977 4520 patet:
993 4456 1168 4522 depravatum
1185 4462 1227 4509 est
1243 4459 1262 4508 1.
1281 4455 1304 4521 S.
1323 4457 1364 4508 93.
1383 4457 1455 4521 436,
1480 4457 1523 4511 vel
1544 4459 1630 4525 potius

309 4533 451 4597 antiqultua
469 4533 508 4583 sic
524 4533 698 4586 scribebatur.
721 4563 748 4572 —
760 4535 813 4587 ·t6.
831 4533 901 4584 attus
917 4545 970 4583 om.
990 4532 1067 4596 ngas.
1087 4560 1114 4569 -
1139 4534 1178 4584 aa.
1197 4534 1281 4597 claro
1298 4534 1330 4583 Gt
1346 4533 1393 4584 Ld.
1413 4561 1440 4571 -
1465 4535 1506 4587 66.
1523 4548 1631 4588 mma·

307 4613 440 4660 meanto:
455 4608 484 4658 a.
499 4633 526 4644 -
545 4622 604 4662 aare
619 4610 730 4673 direpta:
741 4610 786 4660 63.
805 4611 834 4660 ln
846 4610 866 4660 a
877 4607 975 4658 dimetas
990 4605 1097 4670 legitur,
1116 4608 1165 4660 scd
1181 4606 1283 4672 syllaba
1299 4621 1333 4660 :aa
1348 4609 1375 4660 in
1392 4606 1451 4660 loco
1466 4621 1528 4662 raso
1544 4609 1579 4660 ab
1591 4609 1631 4660 al-

309 4687 365 4736 tera
383 4696 462 4734 manu
479 4683 578 4750 scripta
595 4686 645 4736 est.
660 4713 687 4722 —
700 4685 742 4737 tl.
760 4686 826 4748 meod
837 4683 968 4748 macuto
984 4684 1013 4735 a.
1028 4709 1055 4722 -
1073 4684 1113 4734 aa.
1133 4697 1164 4733 ac
1180 4683 1216 4734 aa
1227 4681 1256 4734 λι
1275 4688 1321 4734 aot
1335 4682 1413 4735 codd.
1425 4683 1516 4736 rall.0
1533 4682 1628 4748 [racte;

310 4759 343 4810 ct.
361 4759 465 4822 Zumpt.
489 4759 523 4809 ad
540 4759 566 4809 b.
585 4757 627 4825 1.];
647 4765 670 4810 et
685 4762 713 4811 L.
734 4787 761 4796 —
779 4760 820 4812 27.
842 4759 957 4824 infamia]
979 4759 1077 4826 biacia
1096 4759 1173 4824 agae.
1200 4787 1227 4798 -
1254 4760 1295 4812 28.
1319 4761 1422 4812 tetrum
1441 4761 1472 4812 a.
1492 4785 1519 4796 -
1543 4760 1584 4811 29.
1606 4760 1631 4812 et

309 4834 360 4886 1³3:
386 4847 440 4886 om.
458 4835 487 4885 0.
511 4832 629 4899 [videtur
645 4841 669 4886 ct
689 4849 704 4886 a
721 4837 800 4899 lagg.
819 4837 943 4890 omnibus
960 4836 1070 4897 abessc;
1094 4834 1188 4886 saltam
1207 4835 1367 4889 Niebuhrios
1383 4841 1407 4887 ct
1421 4848 1475 4886 non
1491 4835 1630 4899 exscripsi:

309 4911 359 4963 nisi
376 4923 409 4960 ex
425 4907 468 4959 ed.
486 4909 578 4961 lamb.
598 4911 671 4962 4666.
689 4913 717 4962 et
732 4909 833 4975 aliquot
849 4910 905 4964 aliis
923 4911 996 4974 edd..
1015 4911 1062 4964 sed
1081 4907 1152 4962 nullo
1170 4925 1202 4962 er
1219 4911 1291 4974 cod,
1309 4911 1382 4977 quod
1398 4911 1628 4977 propterzumpb'i

308 4987 399 5037 notam
416 4983 578 5036 monendum
597 4985 673 5051 erat]
688 5013 714 5022 -
734 4985 774 5036 36.
793 4999 826 5036 en
842 4987 884 5038 illo
896 4988 974 5051 lagg.
989 5013 1016 5024 -
1036 4985 1075 5036 34.
1090 4987 1323 5049 mensurabant
1339 4987 1385 5050 aa,
1403 4985 1481 5038 codd.
1493 4984 1624 5038 Lambini:

305 5061 393 5124 populi
409 5061 438 5111 a.
456 5059 522 5112 dett.
540 5058 632 5125 [babet
646 5061 683 5111 lt:
705 5060 732 5111 P.
744 5061 773 5111 ll.
789 5060 900 5123 orbani]
920 5089 947 5100 -·
966 5060 1006 5114 36.
1024 5059 1166 5128 republica
1182 5063 1216 5128 R,
1235 5060 1341 5118 accde
1359 5059 1493 5125 Lambini,
1511 5061 1548 5114 Gi
1563 5059 1623 5120 ta:

306 5136 394 5204 populi
408 5137 478 5190 aaa.
496 5139 528 5189 Gt
550 5140 577 5190 ct
592 5137 670 5202 baga.
688 5134 730 5187 vel
743 5135 836 5201 popolo
853 5137 881 5188 ll.
