3684 5862
298 441 339 510 34
566 442 718 510 ORATIO
739 442 818 509 PRO
839 441 929 508 SEX.
950 440 1098 508 ROSCIO
1118 441 1302 508 AblEllINO

298 627 465 710 gnitatem,
487 640 529 684 ex
549 625 661 683 senatu
681 617 716 680 in
736 615 798 680 boc
820 615 988 679 consilium
1010 613 1125 679 delecti
1152 615 1228 678 estis
1250 619 1382 699 propter
1402 614 1611 688 severitatem,

298 725 337 789 ab
357 722 407 786 bis
428 718 490 782 boc
511 714 673 799 postulare
693 711 838 774 homines
861 710 992 774 sicarios
1014 717 1111 795 atque
1139 710 1345 793 gladiatores,
1374 729 1439 773 non
1460 709 1556 774 modo
1577 715 1614 770 ut

298 815 454 902 supplicia
473 811 592 884 vitent,
615 826 696 891 quae
718 826 737 869 a
758 804 847 870 vobis
869 824 927 888 pro
949 801 1112 867 maleficiis
1134 805 1199 868 suis
1218 812 1359 867 metuere
1374 810 1470 886 atque
1483 804 1612 866 homere

297 915 430 986 debent,
450 926 562 973 verum
583 903 679 966 etiam
699 907 735 964 ut
748 899 860 982 spoliis
875 919 916 962 ex
929 899 991 962 boc
1006 898 1125 962 iudicio
1140 898 1244 962 ornati
1259 899 1410 982 auctique
1426 897 1611 963 discedant?

273 1011 348 1074 th.
376 1005 406 1070 9.
433 1004 491 1067 Η40
521 1002 560 1063 40
587 997 682 1061 rebus
704 995 799 1058 tantis
820 999 949 1076 tamque
971 993 1130 1056 atrocibus
1151 1013 1256 1077 neque
1279 995 1354 1056 satis
1375 1013 1425 1056 me
1448 993 1612 1057 commode

296 1105 462 1168 dicerene
486 1116 527 1160 ue
549 1093 625 1157 satis
647 1091 782 1175 graviter
803 1087 955 1170 conqueri
978 1106 1081 1171 neque
1104 1087 1180 1150 satis
1208 1087 1307 1152 libere
1329 1086 1495 1151 vociferari
1517 1107 1611 1172 posse

294 1196 448 1278 intelligo.
464 1119 570 1272 (litam
592 1185 806 1250 commoditati
827 1183 1006 1266 ingenium,
1028 1181 1172 1265 gravitati
1187 1187 1295 1258 aetas,
1310 1182 1449 1246 libertati
1468 1191 1612 1265 tempora

64 1287 158 1398 .sp
295 1299 370 1357 sunt
390 1270 638 1388 impedimento.)
648 1269 665 1352 l
668 1279 739 1342 Huc
760 1278 883 1364 accedit
904 1297 1045 1340 summus
1068 1275 1297 1363 timor,)qucm
1318 1277 1397 1340 mibi
1419 1285 1532 1341 natura
1553 1297 1611 1361 pu·

294 1388 416 1472 dorquc
445 1399 534 1444 meus
562 1363 781 1448 attribuit,(et
802 1378 906 1436 vestra
928 1371 1064 1455 dignitas
1087 1378 1119 1434 et
1139 1371 1187 1434 vis
1210 1373 1460 1435 adversariorum
1483 1379 1515 1435 et
1537 1371 1610 1434 Sex.

79 1429 163 1532 ὦ
257 1477 399 1546 4414οε044
420 1459 587 1559 pericula)
601 1470 802 1552 Quapropter
821 1485 880 1530 vos
902 1485 959 1529 oro
981 1473 1078 1548 atque
1100 1466 1251 1540 obsecro,
1273 1465 1413 1541 iudices,
1434 1472 1472 1528 ut
1492 1471 1610 1530 attente

161 1643 181 1676 e
291 1577 439 1658 bonaque
470 1589 541 1634 cum
567 1565 662 1631 venie
682 1563 778 1626 verba
808 1579 879 1624 mea
900 1560 1046 1623 audiatis.
1089 1555 1140 1621 l0.
1162 1559 1240 1622 Fide
1263 1559 1483 1644 sapientiaque
1505 1566 1610 1624 vestra

291 1669 391 1734 fretus
413 1666 484 1751 plus
507 1660 612 1726 onems
633 1657 762 1731 sustuli,
787 1675 882 1739 quam
903 1653 986 1717 serra
1007 1673 1058 1716 me
1080 1672 1175 1737 posse
1196 1653 1350 1736 intelligo.
1386 1654 1455 1718 Hoc
1477 1674 1558 1717 onus
1581 1653 1608 1718 si

291 1785 349 1830 vos
370 1763 477 1847 aliqua
498 1761 649 1839 exparte
671 1751 864 1824 alienabitis,
892 1748 1007 1823 leram,
1035 1753 1072 1810 ut
1092 1755 1224 1831 potero,
1258 1747 1364 1811 studio
1387 1755 1419 1812 et
1440 1749 1609 1824 industria,

291 1859 430 1922 iudices:
463 1853 512 1918 sin
538 1870 556 1913 a
585 1847 692 1922 vobis,
721 1845 754 1909 id
777 1843 864 1929 quod
885 1863 950 1906 non
972 1861 1084 1926 spero,
1112 1843 1255 1918 deserar,
1289 1849 1395 1906 tamen
1416 1843 1523 1906 animo
1545 1863 1610 1906 non

254 1950 434 2020 ttdcticiam
461 1957 493 2013 et
519 1946 567 2020 id,
597 1943 684 2028 quod
706 1937 849 2022 suscepi,
879 1937 985 2021 quoad
1007 1943 1137 2019 potero,
1164 1937 1329 2019 perieram.
1374 1935 1468 2011 Quod
1490 1937 1517 1999 si
1539 1957 1610 2020 per.

290 2045 372 2113 terre
398 2065 464 2109 non
491 2048 621 2127 potero,
650 2033 787 2120 opprimi
809 2052 860 2095 me
882 2051 978 2095 onere
1001 2027 1097 2094 officii
1120 2031 1203 2094 malo
1227 2051 1321 2114 quam
1343 2030 1392 2105 id,
1423 2033 1510 2114 quod
1532 2031 1609 2094 mihi

290 2162 361 2207 cum
382 2139 444 2205 lide
467 2135 565 2202 semel
586 2131 772 2216 impositum
793 2134 857 2201 est,
890 2133 946 2190 aut
966 2133 1097 2210 propter
1117 2123 1280 2209 perfidiam
1302 2125 1438 2188 abiicere
1460 2130 1515 2188 aut
1536 2144 1609 2207 pro-

289 2245 360 2322 pter
387 2231 601 2298 infirmitatem
629 2224 726 2290 animi
755 2224 924 2305 deponere.
967 2215 1018 2282 ll.
1048 2222 1093 2282 Te
1121 2239 1251 2305 quoque
1279 2239 1393 2303 magno
1425 2239 1539 2302 opere,
1567 2221 1608 2283 ll.

289 2330 406 2406 Fanni,
439 2344 576 2412 quaeso,
608 2328 661 2396 ut,
692 2317 819 2403 qualem
841 2322 871 2379 te
899 2316 963 2378 iam
990 2321 1083 2378 antea
1111 2315 1231 2399 populo
1257 2316 1399 2378 Romano
1425 2313 1608 2397 praebuisti,

251 2445 361 2493 aocum
382 2424 457 2486 buic
480 2421 582 2483 eidem
605 2413 787 2500 quaestioni
810 2405 931 2495 [index]
954 2428 1136 2492 praeesses,
1166 2409 1261 2472 talem
1289 2416 1320 2471 te
1343 2416 1375 2471 et
1394 2408 1487 2471 nobis
1510 2414 1541 2471 et
1561 2407 1607 2470 rei

288 2520 434 2606 publicae
455 2515 518 2579 boc
539 2521 682 2594 tempore
704 2505 876 2590 impertias.
907 2505 945 2567 V.
968 2503 1094 2578 Quanta
1115 2502 1285 2567 multitudo
1306 2501 1471 2565 bominum
1494 2521 1609 2564 conve·

288 2617 371 2682 uerit
392 2614 432 2678 ad
453 2611 514 2675 boc
536 2591 835 2677 iudicium,(vides:
856 2589 950 2688 (quae
972 2599 1015 2662 sit
1036 2599 1178 2662 omnium
1199 2596 1380 2661 mortalium
1402 2596 1607 2679 exspectatio,

93 2659 159 2760 'i'
289 2727 371 2798 quae
393 2705 565 2789 cupiditas,
587 2709 624 2764 ut
645 2699 731 2762 acria
751 2717 788 2759 ac
810 2714 920 2758 severa
940 2693 1059 2756 iudicia
1072 2688 1164 2766 fiant,
1186 2679 1362 2774 intelligis.)
1377 2692 1489 2773 Longo
1511 2691 1608 2754 inter-

287 2804 372 2869 vallo
386 2799 541 2865 iudicium
555 2796 639 2858 inter
652 2791 782 2856 sicarios
798 2790 859 2852 hcc
873 2789 1010 2873 primum
1026 2787 1248 2861 committitur,
1272 2807 1343 2849 cum
1358 2786 1479 2849 interea
1493 2785 1606 2849 caedes

249 2895 525 2981 aeindignissimae
547 2889 769 2971 maximaeque
782 2884 885 2948 iactae
900 2891 990 2946 sunt:
1013 2903 1123 2946 omnes
1137 2883 1220 2945 banc
1235 2881 1455 2965 quaestionem
1469 2887 1501 2943 40
1515 2897 1607 2962 prae·

20 2973 241 3080 tetstatur
287 3000 355 3056 tore
377 2987 552 3054 manifestis
573 2979 736 3048 maleficiis
759 2978 1012 3064 quotidianoque
1033 2977 1186 3060 sanguina
1200 2977 1392 3066 †dimissius
1408 2979 1536 3059 sperant
1557 2971 1606 3036 lu-

54 3115 104 3192 [a
178 3109 187 3136 ι
285 3115 1603 3150 .-..----------·---·-···-··-·-·····“······

352 3220 376 3270 4.
394 3211 475 3268 dilecti
491 3214 508 3268 4
524 3211 551 3264 40
567 3221 650 3274 marg.
671 3235 699 3246 -
717 3207 741 3258 4.
761 3203 792 3257 eb
808 3201 853 3269 bie]
870 3199 961 3256 malim
977 3201 1008 3254 ab
1024 3202 1064 3253 iis.
1080 3228 1107 3240 ·-
1126 3199 1150 3251 3.
1169 3213 1252 3252 eom.
1266 3201 1295 3250 G.
1315 3226 1343 3237 -
1361 3198 1385 3251 4.
1403 3199 1488 3262 spoliis
1503 3211 1536 3250 00
1551 3195 1604 3260 400]

255 3305 261 3320 ’
285 3304 324 3358 sic
348 3303 469 3356 distincte
487 3297 520 3360 G,
546 3301 577 3349 ut
599 3293 743 3358 Madvigius
766 3289 933 3344 emendavit:
958 3287 1043 3350 spoliis
1060 3285 1125 3338 00044
1142 3286 1187 3336 troc
1207 3286 1263 3346 444;
1290 3285 1374 3348 mettis
1393 3272 1449 3335 se'e'
1460 3282 1545 3334 ometi
1560 3281 1606 3332 400

286 3381 368 3441 4404(
394 3375 478 3442 spoliis
497 3376 557 3427 See.
579 3371 659 3425 limati
680 3371 726 3420 400
746 3368 802 3430 ua,
824 3377 904 3428 vac,
922 3365 951 3414 0.
979 3363 1041 3428 (οιιι.
1067 3361 1148 3413 4400044
1168 3361 1249 3412 etiem
1269 3360 1329 3411 cod.
1348 3361 1384 3410 st.
1403 3359 1470 3410 Vict.
1489 3359 1516 3408 et
1532 3354 1603 3418 Pell.)

284 3455 401 3509 similem
422 3451 639 3518 depravationem
659 3444 712 3497 vid.
731 3442 797 3494 infra
814 3443 839 3507 fi.
857 3441 897 3493 43.
917 3466 946 3478 -
972 3442 997 3490 e.
1015 3451 1164 3490 000--000
1181 3437 1242 3501 Lag.
1260 3435 1301 3488 46.
1321 3461 1349 3471 -
1370 3448 1410 3485 me
1428 3433 1489 3485 setis
1505 3433 1555 3485 444.
1574 3455 1602 3467 —

284 3532 309 3584 8.
326 3533 381 3595 400]
398 3531 455 3582 teuto
470 3529 533 3591 Lag.
550 3525 592 3578 46.
612 3549 640 3559 -
660 3521 701 3573 46.
719 3533 764 3571 oro
779 3517 872 3568 4044000
887 3521 961 3578 04000
977 3513 1027 3565 ebs.
1045 3513 1107 3576 Lag.
1127 3513 1150 3564 9.
1171 3539 1199 3548 -
1218 3511 1258 3563 43.
1276 3509 1422 3562 0440006440
1437 3512 1472 3570 G;
1499 3507 1604 3558 0440040·

284 3605 340 3657 44440
355 3607 414 3658 btv.
435 3627 462 3641 -
486 3601 525 3653 46.
540 3604 641 3664 potero,
662 3595 746 3658 potius
770 3593 878 3657 opprimi
900 3592 948 3642 lle
966 3591 993 3640 04
1009 3586 1109 3654 aliquot
1124 3588 1203 3652 Legg.
1232 3615 1260 3624 -
1283 3587 1344 3637 mibi
1367 3587 1395 3635 40
1417 3585 1466 3650 {tete
1490 3595 1510 3633 a.
1533 3581 1604 3645 post-

283 3686 336 3734 tem
352 3681 401 3733 444.
422 3705 450 3738 -,-
473 3678 513 3728 44.
536 3680 570 3726 est
586 3687 640 3725 om.
658 3672 719 3734 Lag.
738 3669 779 3719 46.
798 3669 839 3719 66.
861 3693 888 3703 -
907 3665 1003 3716 secere
1020 3666 1064 3716 Gv
1082 3666 1108 3715 et
1124 3662 1275 3730 complures
1286 3663 1363 3726 Lagg.
1384 3661 1412 3725 (G
1429 3671 1538 3724 semper
1554 3659 1604 3708 he·

282 3761 330 3812 bet
345 3759 454 3818 obicere,
471 3753 550 3805 040000
565 3748 641 3811 004.(;
659 3746 763 3797 04440000
778 3743 828 3797 444.
849 3769 876 3780 -
896 3741 935 3792 48.
953 3754 1045 3805 mopso
1062 3751 1135 3802 opere
1151 3740 1172 3789 G
1189 3741 1215 3790 et
1236 3738 1298 3801 Lag.
1313 3737 1359 3788 ts:
1376 3747 1528 3800 mepuopere
1543 3731 1599 3798 ple-

282 3837 374 3902 rique,
398 3831 511 3884 00004000
535 3838 608 3890 opere
630 3823 691 3873 seb.
718 3823 745 3871 et
770 3819 799 3870 0.
819 3845 848 3856 —
870 3819 906 3869 44.
925 3829 978 3867 om.
999 3817 1059 3879 Lag.
1076 3816 1116 3866 46.
1137 3838 1164 3850 -
1183 3815 1225 3866 44.
1243 3811 1328 3878 eidem]
1348 3813 1386 3863 sto
1402 3812 1463 3874 Lag.
1477 3809 1523 3872 46,
1542 3809 1600 3870 TL,

283 3911 343 3964 cod.
373 3911 493 3968 liutem,
523 3903 666 3956 Martianus
691 3894 797 3962 Capella
822 3896 856 3960 (p.
877 3891 926 3945 tea
951 3891 1059 3956 Kopp.):
1095 3890 1160 3941 44000
1182 3888 1355 3949 4440000,
1380 3884 1435 3937 rell.
1466 3909 1494 3924 -
1523 3896 1602 3948 0000·

281 3987 355 4040 stiooi
371 3998 424 4036 om.
443 3984 472 4033 o.
492 4005 521 4017 -
539 3977 616 4028 tecleae
632 3987 686 4025 om.
704 3974 765 4035 Lag.
778 3970 837 4032 46.,
855 3967 927 4033 0004
940 3965 1035 4018 vocab.
1049 3965 1113 4017 mihi
1130 3964 1238 4029 quidem
1256 3963 1452 4028 apertissimum
1469 3958 1601 4025 glossema

282 4062 396 4115 videtur.
415 4084 443 4096 -
462 4055 539 4107 telem
554 4065 607 4103 om.
627 4052 688 4112 Lag.
706 4047 747 4098 46.
768 4073 796 4083 -
814 4050 837 4095 te
853 4043 922 4094 nobis
936 4057 962 4093 v.
983 4068 1010 4079 -
1028 4040 1097 4092 00440
1113 4042 1141 4090 G.
1162 4067 1190 4076 -
1212 4044 1235 4090 04
1250 4039 1288 4089 ret
1301 4036 1381 4102 peut]
1398 4038 1437 4089 sic
1454 4036 1514 4088 cod.
1533 4036 1599 4088 Gud.

284 4142 311 4192 04
326 4142 410 4198 laun,
428 4133 572 4186 Arusianus
583 4129 662 4181 bless.
682 4126 716 4190 (p.
729 4123 786 4174 434.
805 4121 905 4184 Lindi:
923 4124 947 4170 et
959 4118 1052 4183 populo
1069 4118 1179 4168 Romano
1194 4113 1251 4166 rell.
1265 4115 1299 4176 03
1318 4113 1392 4164 tatem
1408 4119 1430 4164 40
1445 4113 1515 4164 eobo
1526 4126 1602 4177 pree-

282 4222 360 4268 torem
377 4210 444 4263 coni.
462 4205 610 4258 Buechner.
631 4201 679 4252 044.
691 4198 804 4250 Fannius
821 4195 909 4247 eidem
926 4194 1073 4259 quaestioni
1089 4191 1131 4242 bis
1144 4190 1270 4256 praefuit:
1288 4191 1365 4239 antea
1377 4189 1403 4239 in
1415 4187 1600 4241 communibus

282 4291 369 4344 causis
384 4282 482 4351 populo
498 4282 528 4333 44.
546 4275 685 4333 0044040044ς
709 4286 780 4325 0000
795 4273 822 4322 40
839 4268 962 4334 singulari
978 4268 1074 4320 iudicio
1091 4266 1158 4318 fides
1176 4266 1232 4316 aias
1251 4265 1413 4329 exposcitur,
1439 4277 1491 4330 qua
1515 4264 1600 4316 liescli

281 4363 447 4418 innocentiae
464 4360 491 4409 04
506 4356 572 4420 reip.
590 4348 783 4419 perturbationi
799 4347 963 4398 subveniat.»
989 4346 1050 4395 (400.
1068 4345 1093 4395 4.
1117 4367 1143 4378 -
1171 4343 1211 4393 44.
1229 4341 1362 4404 imparties
1378 4339 1433 4401 444,
1453 4337 1468 4388 3
1486 4339 1549 4390 011.
1570 4359 1597 4372 -

281 4443 323 4494 44.
349 4433 488 4502 expectatio
513 4431 653 4487 Gblvec,
679 4429 708 4477 ut
732 4426 787 4477 tere
812 4435 919 4488 semper
940 4420 1089 4485 (0000040440
1105 4417 1250 4469 muntium
1266 4419 1299 4480 0).
1320 4444 1347 4454 -
1370 4415 1412 4466 43.
1431 4413 1511 4478 cerie]
1537 4423 1601 4462 ecre

282 4517 370 4575 tilii,
387 4527 413 4563 v.
434 4539 461 4549 -
488 4513 510 4559 04
526 4519 612 4556 emere
629 4506 682 4554 Gv.
708 4526 736 4538 -
758 4499 839 4566 40000]
865 4499 937 4562 tcepo
957 4496 1015 4546 item
1032 4495 1091 4546 Sch.
1116 4495 1157 4558 (ex
1177 4493 1193 4544 l.
1212 4492 1319 4556 4400400).
1340 4518 1368 4529 -
1386 4491 1428 4541 44.
1445 4489 1529 4553 sectos
1543 4491 1601 4538 0004

282 4589 456 4648 (44444400,
480 4585 542 4646 bag.
560 4582 584 4632 9.
604 4580 644 4629 to.
663 4579 703 4630 46.
723 4577 780 4628 etti
798 4573 856 4626 alii:
879 4573 962 4638 (00400
981 4571 1030 4620 set
1046 4570 1090 4621 aO
1108 4572 1135 4619 et
1151 4568 1212 4619 edd.
1231 4566 1301 4631 vulg.
1321 4592 1350 4604 -
1368 4567 1409 4618 46.
1427 4567 1600 4627 cotidianoque

281 4673 314 4732 G,
332 4670 362 4719 ut
378 4673 493 4727 semper.
514 4685 542 4694 -
560 4654 691 4719 4400400400]
709 4653 747 4705 040
766 4649 816 4716 (vel
832 4646 965 4712 4400400040)
976 4646 1097 4705 Glle;
1117 4645 1238 4696 dimissiei
1254 4643 1312 4694 cod.
1326 4643 1362 4692 st.
1376 4641 1456 4702 Vtct.;
1469 4637 1601 4690 ,4000400404

280 4747 385 4804 40400,
407 4739 507 4798 aras,
530 4745 584 4793 ac;
608 4729 717 4780 44004000
732 4729 791 4779 Per.
810 4726 833 4776 4.
852 4726 876 4778 l.
895 4725 935 4780 i.;
961 4722 1060 4773 44004000
1082 4720 1161 4780 Sch.;
1187 4732 1220 4770 ex
1236 4719 1296 4782 Lag.
1315 4715 1397 4766 babet
1412 4716 1454 4766 46.
1472 4715 1597 4772 dictaeos

279 4819 374 4886 reliqui
395 4811 531 4873 4400400404,
557 4806 696 4868 4000400400,
720 4804 844 4856 40004000.
877 4799 962 4864 Vulgo
979 4799 1051 4862 (item
1068 4796 1095 4846 in
1111 4795 1140 4858 0)
1158 4809 1190 4846 ex
1205 4789 1406 4859 interpolatione
1423 4790 1546 4854 Naugerii
1562 4786 1599 4839 le·

280 4899 363 4963 gitur:
380 4898 404 4944 te
416 4891 535 4955 praetore
550 4884 580 4935 40
595 4880 779 4945 manifestem.
798 4891 822 4940 q.
842 4877 963 4942 scopatae
978 4872 1046 4925 4004
1059 4870 1186 4922 renisam
1200 4874 1302 4932 sperem
1316 4869 1443 4934 (0400000,
1467 4869 1494 4917 04
1510 4875 1597 4929 neque

279 4979 408 5034 teneque
427 4963 496 5015 4004
514 4963 542 5012 40
561 4957 615 5010 uilo
639 4957 730 5008 codice
747 4955 883 5006 inventum
900 4955 949 5003 est.
984 4947 1128 5011 Madvigius
1145 4947 1171 4996 in
1189 4945 1232 4996 ed.
1250 4946 1293 4996 444.
1311 4945 1377 4995 oret.
1396 4940 1452 4994 sall.
1472 4939 1597 5006 (lisaniae

281 5044 363 5108 itit.)
380 5043 450 5094 banc
466 5034 679 5091 emendationem
696 5031 848 5097 proposuit:
867 5029 931 5079 4000
942 5025 1108 5090 qaaestionem
1124 5027 1147 5073 40
1160 5025 1278 5086 praetere
1287 5033 1301 5072 e
1310 5018 1447 5084 0000440040
1456 5017 1516 5067 met.
1530 5019 1596 5078 0004.

279 5120 400 5187 mereim
416 5113 527 5168 44040004
540 5113 643 5176 sperem
657 5109 770 5173 (4000040
794 5105 841 5157 eb.
859 5119 884 5156 e.
903 5100 1064 5169 liberationi,
1081 5097 1266 5164 utaliquando
1283 5109 1316 5148 er
1332 5095 1373 5146 his
1389 5092 1465 5146 malis
1481 5093 1598 5144 dimitta-

280 5211 342 5251 mur
358 5197 385 5247 04
401 5191 577 5246 exsolvemus.
611 5184 733 5240 Dimiseet
748 5179 810 5235 alibi
820 5195 880 5260 'non
894 5177 1002 5244 legitur,
1024 5177 1074 5230 uisi
1094 5174 1167 5240 quod
1188 5173 1259 5240 opud
1276 5171 1425 5226 charisium
1440 5171 1477 5236 11,
1495 5167 1537 5232 44,
1553 5165 1596 5218 43.
