3648 5888
456 432 1265 522 nn.1.cn.xxxr-nxxm.ss.⁷s-sc.
1460 433 1522 504 sss

200 611 400 680 essemus„
422 618 577 697 papam
597 574 801 700 emmaus)
828 606 962 672 xxxu.
984 603 1036 672 sc.
1057 606 1140 672 nuso
1162 606 1286 676 nonni
1307 607 1443 692 puseo·
1464 608 1523 691 ιςι-
1591 590 1664 687 αῖ-

199 714 268 782 tur,
296 707 441 771 iudicent
471 705 562 770 carius
590 710 678 770 tanta
706 709 837 787 peccota
858 708 949 778 sunt,
977 708 1015 766 ut
1035 701 1073 777 ii,
1104 702 1221 786 quibus
1241 703 1374 768 iniurias
1395 702 1522 779 fecerit,

198 820 304 886 neque
325 799 502 882 legitimum
528 807 654 884 tempus
676 803 862 880 exspectare
883 796 925 862 ad
951 795 1171 860 ulciscendum
1190 816 1297 881 neque
1318 795 1383 862 rim
1403 803 1523 862 tantum

198 893 320 960 doloris
341 893 376 958 in
397 899 559 976 posterum
581 892 709 956 differre
730 891 903 974 potuerint
948 888 1180 956 Circumsessus
1206 909 1252 954 es.
1287 890 1315 954 A
1337 889 1523 974 quihusih

198 988 442 1071 Lampsaceuisc
470 987 613 1052 barbaris
640 983 841 1060 hominibus,
871 983 984 1057 credo,
1013 990 1068 1046 aut
1087 982 1144 1057 iis,
1177 984 1233 1068 qui
1254 983 1366 1069 populi
1388 983 1547 1050 Romanis

197 1100 317 1148 nomen
338 1087 586 1146 contemnerent.
629 1081 730 1144 humo
751 1098 827 1143 vero
848 1078 889 1142 ab
909 1075 1092 1140 hominibus
1114 1082 1147 1140 et
1167 1085 1280 1142 natura
1301 1085 1334 1142 et
1353 1085 1524 1142 consuetu·

198 1177 273 1242 dine
303 1183 336 1240 et
362 1173 533 1258 disciplina
560 1172 748 1248 lenissimis,
780 1191 878 1256 porro
906 1177 1013 1236 autem
1040 1170 1152 1255 populi
1179 1171 1313 1236 Romani
1334 1172 1524 1238 condicione

198 1270 309 1354 sociis,
330 1268 458 1334 torum
479 1266 596 1343 servis,
617 1267 782 1332 voluntate
803 1257 1075 1349 supplicibus;(ut
1095 1265 1298 1348 perspicuum
1311 1265 1354 1330 sit
1367 1264 1524 1340 omnibus,
1622 1280 1648 1354 ᾖ

197 1364 261 1430 nisi
290 1369 378 1428 unta
405 1352 560 1428 acerbitl's
589 1361 744 1434 iniuriae,
775 1349 932 1424 mutaris
953 1357 1083 1422 sceleris
1103 1357 1241 1461 luisset)
1260 1366 1297 1422 ut
1317 1359 1525 1443 Lampsaceni

197 1455 398 1522 moriendum
420 1454 480 1520 sibi
503 1453 611 1537 potius
634 1471 730 1538 quam
752 1451 995 1536 perpetiendum
1016 1458 1180 1536 putarent,
1201 1472 1375 1537 numquam
1395 1453 1468 1518 illos
1489 1453 1523 1518 in
1533 1468 1561 1516 sc
1611 1445 1630 1472 Α

121 1591 125 1600 .
198 1569 271 1616 eum
291 1550 398 1614 locum
420 1567 644 1632 progressuros
665 1545 782 1622 tuisse,
803 1553 840 1612 ut
860 1545 1079 1610 vehementiae
1094 1545 1170 1610 odio
1184 1546 1327 1611 lihidinis
1340 1552 1413 1611 tune
1428 1567 1524 1632 ιῃιιιιιι

197 1644 366 1728 legationis
388 1649 476 1706 metu
497 1648 711 1708 moverentur.
753 1637 805 1704 82.
826 1639 949 1715 Nolite,
978 1659 1037 1723 per
1064 1640 1142 1704 deos
1166 1639 1379 1707 inmortales!
1412 1661 1524 1724 cogere

197 1740 304 1804 socios
325 1743 423 1822 atque
445 1741 570 1802 exteras
591 1736 737 1802 nationes
758 1735 821 1800 hoc
839 1734 886 1800 uti
906 1733 1072 1818 perfugio,
1094 1753 1176 1818 quo,
1198 1734 1261 1802 uisi
1275 1755 1333 1800 vos
1347 1735 1525 1812 vindicetis,

197 1838 329 1900 utentur
348 1830 541 1896 necessario.
562 1830 796 1912 Lampsacenos
816 1829 851 1892 in
873 1829 970 1893 istum
992 1847 1167 1913 numquam
1186 1827 1254 1892 ulla
1273 1849 1326 1894 res
1340 1830 1525 1914 mitigasset,

197 1927 261 1990 nisi
292 1944 366 1990 eum
396 1943 518 2007 poenas
546 1924 665 1987 Romae
693 1922 840 1988 damrum
868 1921 1088 1988 credidissent
1130 1921 1200 1986 Etsi
1220 1922 1318 1992 tuem
1338 1929 1562 2008 acceperuutss

197 2018 366 2094 iniuriam,
389 2037 485 2102 quam
506 2016 595 2081 nulla
615 2016 686 2100 lege
707 2017 784 2082 satis
805 2017 901 2100 digne
922 2016 1072 2100 persequi
1094 2024 1247 2100 possent,
1276 2024 1383 2084 tamen
1404 2018 1526 2085 incom-

197 2112 294 2178 moda
322 2131 381 2178 sua
407 2111 525 2176 nostris
554 2111 752 2174 committere
777 2109 902 2194 legibus
925 2116 958 2174 ct
977 2110 1105 2175 iudiciis
1128 2131 1226 2196 quam
1246 2111 1350 2176 dolori
1372 2131 1431 2178 suc
1452 2131 1525 2196 per·

197 2207 324 2278 mittere
352 2205 543 2270 maluerunt
585 2207 634 2268 Tu
663 2203 760 2281 mihi,
788 2223 861 2270 cum
883 2204 1112 2272 circumsessus
1133 2225 1153 2272 a
1173 2213 1238 2270 tam
1259 2205 1377 2270 illustri
1398 2206 1525 2273 civitate

197 2301 242 2366 sis
266 2305 398 2384 prepter
419 2305 510 2389 tuum
531 2297 637 2364 scelus
657 2306 755 2384 utque
776 2298 948 2382 flagitium
970 2318 1042 2367 cum
1060 2299 1370 2383 suspensionibus
1392 2299 1525 2366 miseros
1639 2363 1646 2382 ¹

197 2402 231 2460 et
258 2393 460 2459 culamitosos
488 2392 581 2478 quasi
609 2392 784 2478 desperetis
813 2393 932 2458 nostris
961 2393 1084 2477 legibus
1106 2401 1140 2458 et
1159 2394 1288 2461 iudiciis
1308 2394 1350 2458 ed
1371 2396 1453 2470 vim,
1484 2393 1562 2462 adst

196 2509 328 2564 monus,
350 2488 391 2553 ad
412 2507 501 2554 asma
521 2487 712 2572 coniugem
739 2507 812 2552 cum
834 2495 865 2552 te
886 2488 921 2550 in
943 2487 1071 2573 oppidis
1093 2494 1126 2555 et
1146 2487 1329 2554 civitatibus
1350 2489 1525 2556 amicorum

196 2604 262 2650 non
274 2583 412 2665 legatum
427 2581 540 2665 populi
556 2582 702 2657 Romani,
716 2581 774 2646 sed
789 2589 958 2666 tyranuum
972 2581 1180 2648 libidinosum
1194 2582 1419 2668 crudelemque
1432 2601 1526 2667 prce-

196 2676 322 2754 bueris3
344 2695 416 2740 cum
437 2676 524 2758 apud
546 2683 671 2742 exteras
686 2675 833 2740 nationes
851 2674 978 2759 imperii
993 2675 1198 2761 nominisque
1216 2677 1317 2741 noshi
1331 2677 1448 2744 lamam
1461 2676 1524 2740 tuis
1656 2751 1663 2768 p

197 2769 323 2856 probris
345 2769 541 2853 flagitiisque
559 2769 710 2846 violeris3
739 2789 811 2834 cum
839 2776 871 2834 te
892 2788 933 2834 ex
953 2769 1039 2834 ferro
1060 2771 1235 2837 amicorum
1256 2772 1369 2856 populi
1390 2769 1524 2840 Romani

196 2863 353 2948 eripueris
375 2869 472 2948 atque
494 2883 535 2928 ex
556 2863 683 2928 flamma
703 2863 863 2930 sociorum
885 2863 1039 2930 evolaris=
1061 2863 1114 2928 hic
1135 2865 1193 2928 tibi
1214 2864 1393 2950 perfugium
1414 2880 1563 2950 speras!

193 2959 359 3024 futurum?
390 2958 496 3022 Erras.
540 2958 581 3022 Ut
607 2957 670 3022 huc
699 2957 874 3034 incideres,
901 2978 968 3022 non
996 2966 1033 3024 ut
1058 2959 1112 3024 hic
1134 2960 1393 3045 conquiesceret,
1422 2958 1470 3022 illi
1492 2965 1524 3024 te

193 3054 303 3120 viuum
324 3052 412 3118 exire
432 3053 519 3136 passi
542 3061 626 3117 sunt.
668 3052 817 3116 xxxin.
839 3049 891 3116 83.
920 3052 962 3116 ut
989 3052 1037 3118 ais
1061 3053 1215 3120 iudicium
1236 3075 1307 3120 csse
1328 3054 1463 3128 factum,
1492 3061 1524 3116 te

194 3147 313 3212 iniuria
342 3146 585 3212 circumsessum
614 3167 685 3212 esse
713 3146 896 3228 Lampsaci,
926 3147 1015 3230 quod
1041 3147 1246 3214 Philodamus
1267 3169 1340 3215 cum
1360 3145 1427 3212 filio
1449 3167 1525 3212 con·

195 3240 364 3305 demnatus
386 3241 438 3306 sit
482 3240 590 3318 Quid?
619 3242 646 3304 si
669 3241 788 3316 doceo,
815 3239 843 3303 si
863 3239 996 3323 planum
1016 3240 1100 3308 facio
1122 3249 1203 3308 teste
1224 3241 1355 3308 homine
1375 3261 1524 3326 nequam,

194 3352 306 3399 verum
327 3333 368 3398 ad
390 3334 473 3398 hanc
495 3356 562 3399 rem
581 3342 689 3402 tamen
710 3333 845 3412 idoneo,
868 3336 1175 3421 teipso,iuqua1n,
1197 3344 1279 3405 teste
1293 3337 1406 3411 doceo,
1420 3343 1451 3400 te
1465 3336 1561 3405 hu-so

195 3427 246 3493 ius
277 3425 552 3496 circumsessionis
578 3437 652 3494 tuae
681 3448 809 3494 causam
836 3437 869 3493 et
892 3429 1019 3514 culpam
1040 3431 1074 3495 in
1096 3430 1177 3498 alios
1199 3430 1398 3498 transtulisse
1420 3449 1524 3515 usquc

196 3517 231 3584 in
253 3540 326 3598 eos,
349 3541 431 3606 quos
454 3530 490 3587 tu
512 3522 723 3598 insimularis,
746 3543 817 3588 esse
838 3523 1113 3596 animadversum?
1135 3525 1199 3590 iam
1220 3524 1303 3590 nihil
1323 3532 1355 3590 te
1370 3524 1525 3590 iudicium

194 3614 331 3678 Neronis
353 3615 494 3681 adiurat
537 3617 646 3680 Recita
675 3636 756 3700 ques
783 3618 824 3682 nd
851 3619 1009 3682 Neronem
1030 3619 1153 3684 litteras
1174 3619 1271 3686 misit
1309 3619 1468 3686 Errsrona
1491 3617 1525 3686 C.

194 3709 315 3774 Vsaurs
336 3729 378 3774 sn
399 3711 569 3776 usioses.
612 3713 885 3778 Tnsmsrsoouss
906 3729 949 3776 nr
970 3713 1154 3784 Tnnssaavs
1253 3713 1525 3795 Themistagoram

196 3809 229 3866 et
249 3801 437 3868 Thessalum
459 3805 571 3870 scribis
595 3806 751 3890 populum
773 3806 960 3872 concitasse.
1005 3806 1108 3884 Quem
1130 3807 1311 3893 populent
1333 3806 1443 3891 quite
1465 3805 1563 3876 cir-at

196 3895 368 3973 cumsedit,
398 3897 455 3983 qui
486 3906 518 3964 te
541 3898 648 3966 vivum
674 3899 860 3966 comburere
881 3906 1014 3966 conatus
1037 3907 1095 3966 est.
1138 3901 1196 3968 Ubi
1217 3902 1278 3967 hos
1298 3900 1525 3986 persequerer

195 3991 253 4054 ubi
274 3993 428 4056 accusas?
459 3993 514 4057 ubi
537 3992 683 4058 delendis
704 3994 754 4058 ius
776 4014 959 4078 nomenque
980 3994 1102 4079 legati?
1145 3992 1197 4059 84.
1218 3997 1255 4059 ln
1276 3995 1454 4060 Philodami
1476 3995 1525 4058 iu·

196 4084 281 4147 dicio
305 4085 392 4150 dices
414 4086 447 4149 id
469 4091 599 4151 ectum?
632 4087 718 4152 Cedo
740 4088 818 4151 mihi
840 4087 942 4172 ipsius
958 4089 1066 4154 Verris
1081 4090 1309 4156 testimonium.
1342 4089 1525 4165 Videamus,

195 4179 274 4263 quid
300 4179 386 4244 idem
414 4180 475 4248 iste
501 4181 623 4246 iuratus
650 4181 779 4246 dixerit.
822 4181 869 4246 hu
898 4201 1102 4252 accusaroua
1129 4205 1270 4250 noesrvs
1290 4201 1471 4250 uasrornrn
1493 4203 1525 4248 ru

195 4292 259 4337 soc
289 4291 413 4340 urbicio
435 4293 500 4341 sou
521 4292 699 4352 unamque
730 4295 792 4341 smr
813 4295 846 4342 ιιι
866 4297 966 4342 murro
993 4297 1068 4342 assu
1089 4297 1165 4344 suro
1186 4295 1338 4344 senecas
1359 4295 1562 4353 rumesciae

196 4365 282 4446 Quid
302 4368 401 4452 igitur
422 4375 454 4435 te
475 4369 566 4437 iuvat
587 4368 723 4436 Neronis
744 4370 924 4436 iudicione
953 4372 1030 4458 qnid
1051 4371 1230 4438 Philodami
1251 4372 1434 4438 damatiot
1464 4372 1525 4437 Le-

259 4629 285 4680 b.
302 4629 404 4694 Lmrsps.
423 4630 460 4682 Gi
477 4631 540 4695 (cm.
558 4631 594 4695 o).
615 4659 642 4669 -
661 4630 702 4682 40.
719 4632 804 4695 polim
819 4631 864 4684 sibi
881 4633 927 4686 Gi.
949 4659 976 4670 -
995 4633 1036 4684 ⁴2
1053 4633 1101 4699 lca.
1118 4639 1187 4685 metu
1202 4633 1307 4698 alac:
1325 4641 1393 4688 mua
1407 4635 1454 4700 lep.
1473 4636 1521 4688 dtt.

193 4708 223 4760 0.
244 4732 272 4742 -
292 4703 332 4755 93.
351 4705 481 4768 quodnisi
497 4707 622 4768 canufi
650 4709 716 4770 quod
731 4707 775 4760 abi
791 4708 838 4758 (il.
859 4735 887 4744 -
913 4707 952 4759 16.
968 4713 1068 4771 possent
1084 4707 1163 4762 codd.
1182 4710 1254 4760 noli:
1277 4715 1395 4773 poserem
1410 4711 1472 4762 Ern.
1493 4735 1521 4750 -·

193 4783 235 4836 ab.
254 4795 288 4832 ac
303 4782 336 4832 Gt
348 4777 432 4842 atr:
451 4778 528 4831 edtt.
547 4781 576 4832 0.
597 4809 624 4820 -
643 4781 684 4834 90.
703 4783 777 4834 docco
794 4783 829 4834 de
846 4783 908 4835 Ern.
927 4783 1009 4834 coni:
1033 4781 1121 4836 docebo
1138 4783 1218 4836 codd.
1244 4783 1299 4836 Sed
1319 4783 1381 4839 olibi
1398 4786 1478 4838 etism
1494 4786 1523 4838 in

193 4855 247 4910 hoc
262 4853 347 4906 verbo
357 4855 512 4921 peccatum,
531 4855 564 4906 ci.
577 4855 620 4907 111.
634 4855 658 4921 5.
673 4858 729 4908 tlt.
740 4858 797 4909 m.
813 4884 838 4896 -
859 4859 901 4910 31.
914 4859 1043 4910 contulisse
1053 4861 1084 4910 Α.
1100 4885 1127 4896 -
1137 4859 1178 4912 39.
1191 4859 1346 4912 bosamen
1360 4863 1398 4914 A:
1416 4861 1524 4914 imbuu-

193 4931 261 4984 lcrcs
276 4930 355 4990 6ης
373 4929 537 4982 imbaulcbas
551 4931 634 4994 babit
651 4931 814 4986 maculares
830 4933 879 4985 dtt.
899 4933 929 4984 0.
949 4961 977 4970 -
995 4933 1035 4986 ³³.
1054 4934 1180 4986 rodun
1193 4935 1319 4988 vendas
1334 4948 1388 4988 om.
1406 4936 1439 4986 Gt
1452 4935 1477 4986 2.
1492 4961 1520 4972 ·-

194 5005 235 5060 35.
253 5003 338 5057 scribit
354 5003 402 5058 Ld.
420 5005 468 5057 dtt.
490 5031 517 5042 -
536 5003 651 5058 tremere
667 5009 713 5058 Gt.
734 5035 762 5046 -
780 5009 822 5060 39.
840 5008 934 5060 dicent
950 5009 1028 5070 ⁶35²
1055 5009 1158 5062 dicerit.
1175 5011 1261 5064 Recito
1277 5011 1325 5062 dtt.
1344 5012 1373 5063 0.
1394 5037 1420 5050 -
1442 5010 1522 5062 inter-

193 5087 298 5148 rcqatas
314 5083 344 5134 Α.
363 5080 397 5134 ci.
416 5081 442 5148 ὅ.
459 5080 500 5132 29.
519 5081 560 5132 99.
580 5079 639 5132 coli.
657 5081 700 5134 lli.
719 5081 745 5148 s.
765 5083 804 5134 tl.
822 5081 863 5135 ta.
882 5083 940 5136 too.
962 5082 992 5134 V.
1011 5082 1036 5148 fi.
1054 5085 1112 5138 tbi.
1132 5111 1159 5122 -
1182 5084 1224 5140 to.
1241 5085 1287 5140 boc
1302 5085 1348 5142 uos
1363 5085 1390 5138 in
1405 5097 1449 5140 as.
1467 5085 1518 5150 Gl3

192 5157 282 5210 ”lm
297 5156 344 5209 ,lu
359 5157 446 5210 “lma
464 5155 557 5210 Gnade
578 5181 605 5193 “““
623 5155 666 5210 ne
684 5157 841 5226 worm?
858 5158 904 5213 Gz·
924 5183 952 5198 ‘⁸'
969 5158 1041 5216 Μ
1056 5163 1080 5214 u
1096 5161 1141 5218 Gla
