3638 5868
508 373 577 438 Lrn.
600 373 654 438 111.
687 373 761 438 Cer.
783 372 974 436 LII-LIII.
1002 371 1059 456 §§.
1081 368 1273 439 itt-tet.
1483 369 1547 440 279

215 547 282 617 tur,
304 560 370 605 nou
392 541 556 618 laboratis,
586 549 619 606 at
646 561 705 606 ros
733 562 933 606 communem
954 541 1068 626 populi
1088 543 1222 608 Romani
1247 563 1374 608 causam
1397 547 1548 628 suscipite

216 643 311 721 atque
342 636 511 700 defendite.
554 636 680 701 Eiectos
709 644 849 700 aratores
878 656 949 700 esse
978 636 1066 712 dico,
1096 657 1189 720 agros
1219 639 1389 722 vectigales
1416 647 1549 704 vexatos

217 737 314 814 atque
329 729 508 794 exinanitos
528 751 548 794 a
562 731 670 806 Verre,
690 730 874 814 populatam
887 737 1106 814 vastatamque
1120 731 1331 815 provinciam:
1350 732 1552 798 haecomnia

219 824 319 890 doceo
342 824 455 888 litteris
478 825 657 900 civitatum,
680 824 814 888 ostendo
836 824 1027 888 testimoniis
1049 832 1082 889 et
1101 824 1238 908 publicis
1257 825 1551 890 honestissimarum

219 919 384 983 civitatum
406 927 439 982 et
460 920 589 1004 privatis
610 919 832 1003 primariorum
855 918 1005 982 virorum.
1049 919 1130 981 LIII.
1159 918 1244 993 Quid
1271 921 1366 985 vultis
1391 921 1589 1007 ampliusit

218 1035 294 1079 num
316 1015 518 1096 exspectatis,
542 1012 618 1076 dum
632 1012 840 1087 L..Metellus,
863 1012 891 1075 is
913 1013 970 1096 qui
992 1012 1110 1077 multos
1132 1013 1165 1074 in
1187 1013 1285 1077 istum
1306 1022 1401 1079 testes
1417 1015 1551 1098 imperio

218 1117 255 1174 et
276 1116 431 1192 potestate
455 1108 618 1182 deterruit,
639 1108 726 1170 idem
746 1107 861 1170 absens
876 1105 916 1168 de
930 1107 1022 1171 istius
1037 1107 1166 1180 scelere,
1188 1107 1398 1190 improbitate,
1420 1107 1553 1172 audacia

218 1202 438 1267 testimonium
467 1201 573 1264 dicati
619 1203 691 1265 Non
719 1203 841 1283 opinor.
868 1234 911 1248 -
939 1201 981 1263 At
1007 1200 1035 1263 is
1064 1201 1198 1282 optime,
1225 1202 1281 1284 qui
1308 1204 1463 1266 successit
1488 1201 1552 1278 isti,

218 1299 322 1382 potuit
344 1315 548 1378 cognoscere.
563 1328 605 1342 -
621 1297 668 1360 lta
691 1303 753 1360 est:
776 1315 886 1358 verum
908 1294 1047 1358 amicitia
1067 1294 1249 1378 impeditur.
1264 1296 1362 1359 -At
1382 1295 1476 1359 debet
1494 1316 1552 1361 vos

219 1392 368 1456 certiores
390 1390 511 1464 lacere,
543 1409 608 1473 quo
637 1398 730 1474 pacto
753 1409 787 1452 se
808 1388 925 1452 babeat
944 1388 1118 1471 provincia.
1140 1421 1182 1434 -
1204 1383 1276 1452 423.
1297 1389 1414 1452 Debet:
1441 1407 1588 1456 verumta

218 1494 325 1550 tamen
347 1506 413 1550 non
435 1485 572 1566 cogitur.
606 1485 687 1547 Num
705 1483 778 1565 quis
793 1483 827 1544 in
841 1483 972 1546 Verrem
985 1482 1021 1543 L.
1036 1481 1156 1546 Metelli
1168 1482 1384 1546 testimonium
1397 1482 1551 1565 requisiti

217 1584 327 1646 Nemo.
358 1582 441 1643 Num
464 1579 536 1662 quis
558 1577 721 1660 postulati
750 1579 820 1641 Non
843 1577 966 1660 opinor.
995 1575 1103 1650 Quid?
1126 1576 1152 1639 si
1175 1576 1358 1640 testimonio
1380 1577 1416 1638 L.
1431 1576 1552 1640 Metelli

219 1695 254 1739 ac
278 1674 392 1739 litteris
414 1672 493 1735 haec
516 1672 622 1736 omnia
643 1689 719 1735 vera
740 1691 810 1734 esse
832 1671 970 1744 docebo,
998 1669 1073 1752 quid
1096 1670 1230 1733 dicetis?
1262 1677 1367 1734 utnrm
1389 1671 1551 1734 Metellum

217 1769 333 1833 falsum
355 1766 516 1830 scriberet
538 1785 579 1829 an
594 1765 730 1829 amicum
745 1764 892 1829 laedendi
911 1785 980 1828 esse
995 1764 1170 1847 cupidum?
1191 1784 1233 1827 an
1244 1771 1433 1848 praetorem,
1455 1785 1551 1848 quem

218 1864 258 1928 ad
280 1862 409 1926 modum
430 1860 594 1943 provincia
615 1859 733 1923 ailliota
755 1861 811 1933 sit,
833 1859 979 1922 nesciret
1005 1858 1113 1922 Recita
1126 1859 1246 1922 litteras
1260 1860 1297 1922 L.
1311 1858 1447 1934 Metelli,
1471 1878 1588 1943 quasia

218 1959 258 2022 ad
282 1957 337 2020 Cn.
359 1955 546 2038 Pompeium
568 1964 600 2019 et
621 1957 663 2020 Μ.
681 1954 827 2019 Crassum
849 1953 1007 2040 con-sulas,
1030 1972 1109 2035 quas
1131 1953 1172 2016 ad
1194 1955 1236 2018 M.
1250 1953 1438 2018 Mummium
1459 1974 1552 2037 prae-

218 2059 338 2126 torem,
361 2069 440 2134 quas
462 2049 502 2112 ad
525 2057 711 2134 quaestores
733 2047 820 2112 urbis
844 2049 940 2111 misit.
975 2047 1134 2112 Ertsrous
1155 2048 1191 2111 L.
1214 2049 1373 2114 Marsum.
1405 2067 1551 2114 oacrum

218 2164 379 2212 rarunsrr
401 2161 486 2208 usos
507 2143 690 2207 llsaaorucs
713 2162 852 2206 vasnrnr.
897 2141 976 2206 Cum
1005 2141 1115 2206 scribit
1136 2142 1262 2225 selega
1283 2142 1454 2208 Hieronica
1474 2164 1552 2208 ren-

219 2239 349 2314 didisse,
371 2237 450 2322 quid
473 2237 603 2302 scribitt
625 2237 669 2300 ita
690 2256 725 2300 se
746 2234 940 2310 vendidisse,
960 2243 997 2300 ut
1017 2255 1127 2300 omnes
1148 2243 1275 2319 praeter
1294 2238 1434 2302 Verrem.
1472 2239 1551 2302 Cum

220 2333 328 2398 scribit
349 2353 384 2397 se
406 2332 475 2416 lege
497 2331 666 2395 Hieronica
686 2330 884 2405 vendidisse,
913 2330 990 2414 quid
1013 2329 1144 2393 scribit?
1176 2350 1211 2394 se
1239 2351 1297 2415 per
1324 2332 1420 2395 istum
1442 2341 1587 2416 ereptaso

128 2485 132 2492 ,
220 2426 335 2492 Siculis
359 2426 513 2490 maiorum
527 2433 706 2489 nostrorum
720 2423 885 2499 benelicia,
907 2425 956 2488 ius
971 2425 1123 2509 ipsorum,
1145 2425 1364 2489 condicionem
1378 2427 1552 2504 societatis,

220 2520 393 2595 amicitiae,
422 2522 585 2586 foederum
607 2520 795 2583 reddidisse.
841 2513 912 2582 lii.
943 2519 1043 2594 Dicit,
1074 2519 1185 2603 quanti
1214 2520 1369 2604 cuiusque
1398 2522 1466 2606 agri
1495 2522 1551 2585 de·
1645 2577 1651 2589 ,

220 2635 328 2681 cumas
340 2615 530 2679 vendiderit:
554 2613 670 2678 deinde
686 2615 764 2698 quid
787 2613 918 2677 scribiti
962 2613 1076 2678 Svuus
1097 2635 1130 2678 vr
1152 2631 1236 2679 nara
1256 2633 1314 2680 aar
1335 2633 1359 2678 s
1379 2635 1425 2680 rsa
1447 2633 1552 2682 orsas

220 2729 263 2776 vr
284 2730 371 2785 orsu
393 2729 533 2776 ruvaruo
555 2729 700 2772 naevuss
720 2727 902 2772 rarosauu.
933 2707 996 2771 Cur
1010 2709 1117 2791 igitur,
1138 2709 1276 2784 Metelle,
1297 2710 1421 2775 nonita
1435 2731 1550 2796 magno

220 2804 416 2870 vendidisti?
451 2805 526 2887 quia
549 2805 691 2868 desertas
714 2804 891 2878 arationes,
919 2803 1030 2866 inanes
1052 2823 1164 2886 agros,
1186 2804 1381 2887 provinciam
1403 2806 1589 2872 miseramst

221 2899 445 2983 perditamque
468 2898 640 2962 offendisti.
659 2931 701 2946 -
718 2897 827 2972 Quidt
850 2897 883 2960 id
904 2897 1022 2981 ipsum,
1044 2897 1132 2981 quod
1155 2905 1257 2962 satum
1272 2906 1329 2975 est,
1351 2920 1413 2984 qua
1427 2901 1552 2966 ratione

220 2993 390 3078 quisquam
410 2993 467 3076 qui
490 2999 610 3056 sereret
631 2993 780 3056 inventus
805 2993 872 3055 esti
916 2993 1036 3055 Recita.
1079 2993 1215 3056 Litteras
1243 2993 1288 3056 ait
1316 3014 1352 3058 se
1372 2995 1498 3062 misisse
1520 3002 1553 3060 et

220 3087 434 3162 confirmasse,
457 3107 547 3151 suam
569 3107 604 3150 se
618 3087 848 3170 interposuisse
863 3087 1101 3149 auctoritatem:
1123 3092 1246 3150 tantum
1261 3089 1357 3152 modo
1373 3091 1552 3155 aratoribus

219 3181 368 3261 Metellus
397 3181 525 3246 obsides
553 3201 619 3244 non
648 3179 737 3244 dedit
765 3200 799 3243 se
826 3199 892 3242 non
924 3179 989 3243 ulla
1018 3180 1051 3243 in
1072 3199 1107 3242 re
1129 3180 1219 3244 Verri
1241 3180 1379 3246 similem
1398 3181 1551 3248 fusurum.

289 3435 313 3485 t.
332 3433 439 3484 Romaest
454 3443 507 3481 om.
527 3429 605 3494 Lgli.
618 3456 645 3466 -
657 3431 682 3480 3.
699 3435 874 3492 vastatamque
891 3429 974 3494 Lgt2:
992 3435 1160 3493 coactamque
1176 3431 1222 3480 ott.
1241 3431 1270 3480 0.
1285 3456 1313 3466 -
1323 3431 1555 3485 toec--otrcatm

222 3507 326 3574 [ΒΜ
354 3509 412 3572 (nist
434 3505 506 3571 quod
524 3508 549 3557 in
567 3507 585 3556 F
604 3507 644 3556 est
666 3505 767 3569 docebo,
792 3508 819 3556 in
841 3509 955 3571 utroque
979 3507 1126 3569 adeodati:
1149 3507 1209 3556 hacc
1230 3508 1315 3557 cincta
1334 3509 1409 3558 doceo
1427 3508 1557 3561 dotatum

223 3585 312 3636 titteris
332 3583 432 3634 osmodo
457 3582 601 3634 detineatis
617 3581 687 3644 padi.
711 3582 803 3634 tmesi.
827 3583 894 3633 eicit.
918 3587 943 3632 st
960 3583 1029 3644 prta.
1051 3583 1160 3645 assa.
1178 3583 1293 3633 airam
1314 3582 1383 3646 thtl
1401 3585 1429 3634 et
1444 3585 1484 3635 sic
1499 3585 1555 3636 iere

222 3661 291 3718 ΑΒ;
309 3658 440 3709 atatim
450 3684 488 3695 --
499 3657 727 3708 laestissimam
738 3669 792 3708 om.
806 3659 946 3722 praeterN
963 3656 1028 3708 dett.
1049 3660 1075 3708 et
1093 3659 1123 3720 0,
1141 3657 1168 3708 in
1187 3657 1284 3721 quihus
1300 3661 1363 3723 past
1376 3660 1491 3710 ciram
1507 3660 1557 3713 ad·

224 3735 309 3787 ditum
327 3737 383 3785 est:
407 3733 565 3792 aestimassem
584 3733 765 3783 civitatam-·
776 3733 921 3785 testamentis
937 3737 960 3784 st
977 3747 1030 3784 om.
1050 3731 1111 3784 aad.
1130 3733 1186 3785 Urs.
1203 3755 1229 3768 -
1244 3734 1268 3783 s.
1286 3733 1358 3783 uada
1374 3733 1456 3798 agam
1474 3735 1558 3787 mattis

223 3810 265 3862 li.
280 3835 307 3848 ·-
322 3809 346 3858 s.
364 3808 434 3858 testis
450 3806 491 3858 lt.
506 3823 535 3844 -·'
547 3805 572 3856 8.
591 3805 639 3871 isti]
657 3807 712 3856 etsta·
727 3807 774 3868 293
791 3813 814 3858 et
830 3809 872 3858 isti
886 3807 929 3859 ts.
945 3835 972 3846 -
986 3808 1010 3860 9.
1027 3821 1072 3858 aas
1088 3805 1157 3871 qut
1175 3808 1203 3857 et
1218 3804 1327 3872 pleriq:
1345 3820 1391 3859 sos
1401 3809 1471 3872 Lgbti
1482 3810 1511 3860 0.
1526 3837 1555 3848 -

224 3887 265 3937 tt.
282 3883 390 3946 requiete
406 3881 490 3947 Lgis:
507 3883 619 3944 requiret
636 3884 696 3946 [ες.
715 3881 772 3934 rell.
792 3885 886 3935 ABG.
905 3909 934 3922 -
954 3884 995 3934 ta.
1014 3883 1058 3946 qut
1073 3882 1096 3932 st
1112 3879 1190 3944 agis,
1209 3894 1225 3931 a
1243 3894 1296 3945 qno
1313 3882 1410 3934 deinde
1427 3895 1471 3935 vv.
1489 3885 1559 3936 teeti-

222 3961 306 4012 moota
318 3957 469 4009 --dtcettst
484 3963 571 4024 utram
587 3956 693 4008 absunt.
714 3985 741 3995 -
762 3958 802 4009 43.
827 3960 901 4012 doceo
918 3959 987 4010 coni.
1006 3959 1068 4010 Ern.
1086 3958 1121 4009 At
1138 3956 1171 4007 ci.
1190 3956 1224 4007 ad
1241 3956 1266 4021 5.
1280 3959 1336 4010 itt.
1358 3985 1385 3996 -
1404 3961 1444 4011 sa.
1462 3961 1559 4026 afflata

224 4036 292 4100 egis
305 4037 342 4087 N:
365 4037 457 4099 affecta
474 4032 530 4084 rell.
550 4034 579 4084 0.
600 4059 627 4070 ·-
647 4034 688 4083 t‘l.
711 4032 822 4083 urbanos
844 4040 986 4096 quaestores
1005 4035 1038 4085 N.
1056 4032 1090 4083 cl.
1110 4033 1196 4083 Garat.
1216 4030 1435 4086 sorbillat.
1454 4048 1480 4100 p.
1500 4035 1557 4088 305.

223 4111 349 4163 Wernsd.
370 4137 397 4146 -
412 4110 452 4160 ts.
472 4109 533 4160 cam
548 4107 681 4158 scriba·-
692 4107 805 4172 emeat]
822 4109 915 4173 spuria
933 4109 1001 4160 haec
1017 4107 1130 4173 putebat
1146 4107 1218 4168 Era,
1236 4108 1313 4158 uncts
1330 4107 1435 4160 inclusit
1451 4112 1486 4171 0;
1509 4112 1558 4163 sed

225 4189 314 4237 extent
324 4187 352 4236 tn
363 4185 431 4249 egee
442 4187 465 4235 Α
475 4185 508 4244 Β;
523 4183 550 4234 ta
561 4182 630 4247 1.ng
641 4195 666 4233 ss
677 4183 729 4247 teqe
738 4184 769 4233 Η.
782 4184 854 4233 asad.
868 4197 892 4246 q.
906 4183 990 4233 msibtt
1001 4195 1066 4243 om,
1078 4180 1186 4232 librario
1199 4180 1233 4231 ad
1245 4180 1359 4234 alterum
1369 4196 1395 4234 se
1405 4183 1557 4238 aberrante.

225 4262 300 4328 [Vide
317 4275 352 4312 ne
369 4259 513 4326 legendum
531 4259 578 4310 sit:
603 4259 664 4309 Cam
680 4258 765 4308 scribit
780 4271 807 4307 sc
822 4259 874 4322 ispe
888 4259 920 4308 Η,
938 4258 1082 4318 vendidisse,
1101 4257 1162 4318 qaid
1178 4255 1281 4307 scribit?
1296 4257 1389 4308 Scribit
1403 4259 1442 4310 ita
1457 4273 1483 4312 se
1497 4274 1560 4312 aess-

224 4339 324 4401 dtdiess,
347 4341 376 4388 at
392 4350 475 4387 anuas
488 4340 592 4399 praeter
610 4335 724 4396 terren,
750 4333 835 4384 scribit
850 4347 876 4384 ss
889 4347 937 4396 per
952 4334 1028 4384 istm
1048 4337 1135 4395 erepta
1145 4357 1184 4371 ·-
1194 4333 1338 4385 reddidisse.
1357 4333 1449 4399 lituu]
1470 4363 1497 4374 -
1507 4337 1557 4388 ⁴2⁰.

224 4413 309 4464 scribit
324 4413 363 4462 tta
378 4425 404 4462 ss
417 4411 551 4475 pangas.
564 4437 591 4447 -
603 4409 686 4474 istam]
697 4411 777 4472 ipsam
787 4409 828 4460 ta.
844 4437 872 4446 -
883 4412 924 4462 22.
942 4410 1011 4461 Dicit
1027 4409 1093 4470 deis,
1112 4410 1203 4470 quasti
1219 4409 1279 4459 cod.
1299 4410 1359 4461 ilat.
1375 4436 1403 4446 -
1415 4410 1457 4461 23.
1476 4411 1562 4462 ltecita

225 4489 255 4538 ds
270 4487 374 4550 mislata
389 4487 495 4548 reliqua.
514 4485 630 4535 SUMMA
647 4483 712 4534 dett.
732 4485 766 4543 0·,
784 4484 833 4536 sed
850 4497 865 4535 a
883 4483 952 4548 Lgse
964 4484 996 4535 ts
1008 4485 1060 4535 ΑΒ
1079 4485 1204 4548 quattuor
1226 4482 1270 4536 illa
1291 4485 1374 4537 verba
1397 4485 1504 4538 absunt.
1530 4513 1558 4524 -

225 4562 341 4614 sustam
352 4587 367 4600 -
377 4560 505 4612 -orsas
522 4559 660 4624 retegis
678 4561 735 4624 (nisi
747 4560 819 4624 quod
832 4560 876 4610 bic
893 4557 999 4610 immolet
1015 4572 1064 4624 pra
1081 4571 1180 4610 mama
1195 4560 1223 4611 ai
1240 4559 1344 4624 bebet):
1362 4573 1461 4612 masa
1476 4563 1503 4612 ui
1519 4575 1559 4625 op.

226 4639 289 4688 data
304 4641 340 4687 est
355 4650 374 4686 a
388 4649 428 4686 cte
445 4637 480 4697 rt;
498 4649 597 4686 motura
613 4636 638 4686 d.
656 4641 691 4686 est
707 4649 748 4698 op.
767 4648 785 4684 a
800 4647 840 4684 nte
855 4632 912 4685 rell.
926 4634 956 4684 O.
971 4632 1053 4684 -st
1067 4647 1209 4696 qaamom.
1223 4635 1366 4698 egaeae.
1383 4636 1562 4688 -bbtoasis

226 4725 303 4778 apros
315 4713 488 4775 perditamque
502 4711 660 4774 provinciam
674 4711 793 4762 adamam
809 4707 887 4773 ugit.
907 4737 934 4746 -
948 4709 990 4760 26.
1008 4709 1130 4772 offendisti
1146 4706 1232 4772 ugia:
1252 4711 1342 4773 offetdi
1359 4708 1416 4762 rell.
1435 4712 1464 4764 0.
1478 4711 1512 4762 ci.
1526 4711 1560 4762 ad

228 4788 253 4852 g.
271 4786 313 4838 ti.
333 4813 362 4823 -
380 4786 441 4848 qaid
455 4785 537 4848 ipsese
553 4784 631 4848 ugia.
646 4811 673 4821 -
692 4786 734 4836 st.
753 4785 797 4848 qai
812 4785 889 4848 [met
905 4785 986 4836 idem.
1008 4809 1035 4820 -
1053 4785 1147 4835 itectta.
1166 4785 1274 4835 Lttteras
1290 4786 1327 4836 ait
1343 4782 1413 4849 agis
1430 4786 1458 4836 et
1474 4784 1489 4836 6
1506 4782 1560 4848 alit,

227 4867 262 4915 A:
280 4862 361 4913 recita
377 4873 432 4912 om.
450 4860 519 4923 ngas
531 4861 563 4918 B;
581 4861 668 4911 ltectta
684 4861 791 4911 litteras.
814 4859 977 4909 straneas.
995 4861 1104 4911 litteras
1120 4861 1157 4910 ait
1174 4861 1203 4912 0.
1225 4885 1252 4898 -
1271 4861 1313 4912 28.
1328 4867 1485 4925 maenam
1501 4875 1563 4913 οοη-
1643 4925 1646 4930 ¹

226 4940 340 5004 simmae
351 4935 411 4987 cod.
424 4935 483 4985 Hot.
496 4936 526 4986 0.
540 4937 671 4999 Perquam
683 4934 828 5000 probabilis
840 4935 970 4998 scripturo
982 4938 1095 5001 propter
1111 4935 1135 5001 5.
1149 4937 1205 4987 ⁴26.
1218 4961 1246 4974 -
1258 4949 1333 4988 mam
1349 4949 1374 4988 ss
1390 4934 1473 5000 ugia:
1490 4947 1563 4988 asaia

228 5010 286 5064 reli.
305 5013 334 5063 0.
356 5038 383 5049 -
402 5011 572 5062 taatcmmodo
588 5008 672 5073 ugia:
690 5015 789 5060 tantm
806 5010 871 5073 qaod
888 5011 934 5060 ctt.
947 5010 976 5060 0.
999 5037 1026 5048 -·
1039 5011 1081 5062 29.
1098 5024 1149 5062 ooo
1165 5011 1221 5062 atta
1235 5011 1263 5062 io
1278 5025 1307 5063 rs
1323 5013 1346 5063 N
1364 5011 1406 5075 (ci.
1425 5009 1459 5062 ad
1475 5010 1561 5062 blein.

230 5085 254 5153 s.
272 5085 338 5152 tal:
360 5099 411 5140 eoo
427 5085 482 5141 eus
501 5098 556 5141 om.
574 5085 659 5155 th23
683 5087 710 5141 ta
726 5086 798 5140 eada
812 5098 841 5139 rs
857 5083 930 5147 rell.;
951 5085 1024 5139 odia
1046 5086 1074 5138 ts
1087 5099 1118 5140 re
1133 5086 1163 5138 0.
1183 5084 1261 5152 [cnm
1277 5089 1393 5154 optimus
1409 5085 1442 5140 lt
1464 5085 1564 5141 habea
