3642 5862
448 507 516 572 Luc.
537 508 575 572 V.
604 505 678 572 Car.
700 505 969 572 lxm-cxlv.
997 503 1054 590 53.
1075 501 1264 572 lte-466.
1454 501 1516 569 let

193 681 249 741 tna
269 675 312 740 sit
332 681 365 739 ot
385 674 465 760 quid
486 677 527 740 do
549 683 581 740 te
601 676 742 740 futurum
764 676 813 751 sit,
835 677 880 740 sic
893 682 997 740 tecum
1012 695 1112 758 egam.
1148 675 1280 741 Gavium
1293 675 1398 751 istum,
1420 696 1516 760 quem

192 769 394 853 repentinum
416 771 646 856 speculatorem
673 770 771 834 inisse
792 771 890 845 dicis,
919 768 1084 834 ostendam
1105 771 1138 834 in
1160 769 1329 836 lautumias
1352 769 1516 855 Syracusis

191 883 212 926 a
231 872 263 926 te
285 881 356 926 esse
378 865 556 928 coniectum
578 885 685 948 neque
706 864 739 926 id
754 864 856 927 solum
872 885 915 928 ex
928 864 1041 928 litteris
1057 862 1220 929 ostendam
1236 863 1516 946 Syracusanorum,

191 976 232 1020 ne
253 957 357 1040 possis
379 957 486 1020 dicere
508 979 575 1034 me,
605 959 681 1042 quia
703 959 745 1021 sit
766 958 882 1042 aliquis
911 958 945 1021 in
966 957 1079 1022 litteris
1100 957 1234 1033 Gavius,
1262 956 1325 1021 hoc
1345 954 1464 1040 lingere
1486 963 1518 1020 et

192 1049 310 1132 eligere
338 1069 472 1127 nomen,
501 1059 548 1114 ut
564 1051 650 1114 hunc
680 1051 769 1115 illum
798 1072 869 1115 csse
897 1054 1017 1135 possim
1047 1052 1169 1126 dicere,
1200 1051 1256 1116 sed
1285 1050 1325 1114 ad
1352 1050 1540 1114 arbitr-iuml

190 1150 280 1207 tuum
296 1151 392 1208 testes
406 1144 500 1220 dabo,
516 1147 571 1230 qui
585 1146 681 1210 istum
695 1147 799 1228 ipsum
812 1146 978 1230 Syracusis
992 1147 1048 1210 abs
1063 1149 1095 1209 te
1109 1146 1144 1208 in
1159 1145 1325 1209 lautumias
1340 1144 1516 1208 coniectum
1638 1217 1649 1240 l

192 1256 262 1301 esse
284 1237 400 1306 dicant.
435 1243 610 1308 Producam
632 1243 726 1305 etiam
750 1242 922 1316 Consanos,
945 1241 1122 1330 municipes
1144 1239 1230 1303 illius
1250 1259 1288 1302 oc
1309 1238 1517 1312 necessarios,
1619 1239 1640 1302 d

191 1331 247 1415 qui
267 1338 299 1396 te
321 1353 406 1398 nunc
427 1355 500 1400 sero
521 1335 667 1410 doceant,
688 1337 809 1399 iudices
829 1356 894 1400 non
917 1355 1004 1410 sero,
1026 1333 1116 1396 illum
1136 1334 1170 1396 P.
1193 1332 1342 1407 (larium,
1363 1351 1460 1416 quem
1481 1339 1517 1394 tu

190 1425 225 1488 in
246 1445 372 1490 crucem
394 1429 497 1512 egisti,
519 1429 817 1518 civem-Romanum
840 1436 872 1491 et
893 1428 1085 1512 municipem
1101 1427 1297 1502 Consanum,
1316 1448 1383 1491 non
1404 1445 1517 1510 specu·
1628 1427 1659 1518 Ᾰ

191 1519 324 1584 lotorem
338 1522 544 1606 fugitivorum
558 1524 667 1588 inisse.
704 1525 814 1588 lxlv.
837 1519 909 1587 ⁴65.
933 1524 1011 1586 Cum
1025 1521 1234 1597 haecomnia,
1257 1541 1341 1607 quae
1354 1521 1517 1605 polliceor,
1527 1527 1555 1574 44

192 1615 350 1682 cumulate
373 1616 398 1696 †
418 1617 483 1679 tuis
505 1617 657 1700 proximis
678 1618 774 1701 plana
793 1617 916 1692 iecere,
943 1625 1011 1679 tum
1032 1617 1115 1680 istuc
1142 1617 1247 1700 ipsum
1267 1615 1401 1691 tenebo,
1430 1613 1516 1700 quod

192 1709 248 1772 abs
270 1716 303 1773 te
325 1711 403 1774 milri
424 1711 533 1775 datur:
562 1731 601 1776 eo
622 1719 805 1776 contentum
827 1731 878 1774 me
900 1731 970 1774 esse
993 1711 1104 1774 dicam.
1147 1710 1233 1785 Quid
1254 1710 1339 1776 esim
1360 1729 1462 1792 nuper
1483 1715 1518 1771 tu

191 1801 278 1886 ipse,
305 1823 377 1867 cum
408 1805 520 1887 populi
542 1806 675 1868 Romani
704 1805 842 1869 clamore
867 1812 962 1888 atque
984 1805 1103 1888 impetu
1124 1803 1328 1891 perturbatus
1348 1801 1518 1877 exsiluisti,

191 1896 279 1978 quid,
300 1893 441 1982 inquam,
464 1899 588 1964 locutus
611 1903 668 1963 esi
699 1899 803 1973 Illum,
825 1899 910 1982 quod
932 1915 1053 1960 moram
1074 1897 1231 1980 supplicio
1247 1903 1423 1980 quaereret,
1443 1894 1517 1960 ideo

192 1989 369 2054 clamitasse
393 2013 427 2055 se
449 2013 520 2056 esse
542 1994 643 2057 civem
664 1993 855 2065 Romanum,
885 1991 941 2054 sed
963 1991 1195 2074 speculatorem
1215 1990 1324 2054 inisse.
1367 1990 1433 2052 lam
1454 1987 1553 2052 netu

190 2088 288 2147 4444
312 2087 378 2150 veri
399 2092 482 2149 sune
513 2069 613 2162 (Quid
634 2087 720 2150 eum
749 2085 825 2160 unt
852 2084 938 2147 urus
961 2085 995 2148 c.
1017 2085 1237 2149 44444444
1269 2083 1346 2169 qun
1367 2085 1409 2148 ss.
1430 2089 1464 2146 st
1483 2083 1517 2144 r.
1563 2079 1621 2167 ..4,
1646 2073 1700 2150 ›c-

192 2161 304 2276 (14444ρι)
325 2179 512 2244 nobilissimi
533 2181 696 2255 homines,
719 2200 760 2243 ex
781 2199 858 2262 agro
878 2177 1267 2272 Tauromenitanoliquid
1289 2179 1329 2254 Q.
1350 2175 1527 2270 Lucceius)
1656 2169 1682 2250 έ

192 2274 247 2355 qui
269 2277 479 2358 argentariam
499 2275 612 2357 Rhegii
633 2275 802 2366 mapimam
822 2273 919 2338 iecit?
942 2274 1019 2357 quid
1041 2273 1160 2336 eeteril
1181 2273 1295 2336 Adhuc
1313 2273 1398 2336 enim
1419 2279 1517 2336 testes

191 2384 232 2428 ex
253 2385 292 2430 eo
314 2387 431 2450 genere
453 2388 472 2433 a
494 2387 544 2432 mc
567 2375 641 2432 sunt
662 2367 741 2442 dati,
769 2387 834 2430 non
855 2368 912 2450 qni
937 2367 1064 2430 novisse
1086 2367 1234 2442 Gavium,
1264 2366 1320 2430 secl
1342 2367 1516 2432 sevidisse

191 2459 349 2537 dicerent,
380 2481 451 2525 essm
480 2464 526 2537 is,
553 2463 610 2546 qui
638 2481 674 2524 so
702 2461 803 2524 ciram
829 2462 1007 2527 Romanum
1037 2481 1107 2524 esse
1135 2461 1300 2536 clamaret,
1328 2464 1361 2525 in
1390 2471 1551 2534 crucenslt

189 2561 346 2637 ageretur.
382 2555 451 2618 Ηοο
472 2563 518 2630 tu,
540 2557 664 2631 Verres,
687 2556 771 2619 idern
793 2555 890 2618 dicis:
912 2555 973 2618 hoc
994 2563 1030 2618 tu
1051 2551 1211 2618 confiteris
1223 2555 1313 2619 illum
1327 2556 1517 2628 clamitasse,

190 2665 224 2711 se
246 2649 348 2713 civem
369 2649 545 2713 Romanum
567 2669 655 2712 essee
685 2648 770 2732 apud
800 2656 830 2711 te
859 2669 976 2712 nomen
1004 2648 1139 2712 civitatis
1165 2668 1206 2711 ne
1234 2655 1358 2713 mutum
1387 2651 1517 2735 quidem

188 2741 343 2818 valuisse,
371 2751 407 2807 ut
427 2742 655 2806 dubitationem
681 2743 820 2826 aliquam
842 2744 961 2817 crucis,
990 2749 1027 2805 ut
1047 2741 1257 2805 crudelissimi
1283 2745 1518 2828 taeterrimique

191 2835 339 2920 supplicii
362 2837 501 2921 aliquam
524 2856 653 2920 parvam
674 2854 795 2900 morsm
817 2835 929 2899 saltem
950 2841 1059 2920 posset
1079 2837 1202 2899 afferre.
1235 2830 1307 2899 466.
1328 2837 1399 2901 lice
1412 2844 1517 2913 teneo,

190 2930 243 2993 bic
263 2930 400 3006 haereo,
421 2930 562 3005 iudices,
583 2931 645 2994 boc
667 2950 736 2994 sum
758 2935 924 2996 contentus
946 2949 1030 2992 unct
1056 2931 1167 2993 omitto
1190 2949 1228 2993 ac
1247 2931 1375 3014 negligo
1398 2939 1556 2996 ceteram

190 3042 248 3088 sua
269 3024 470 3088 confessione
492 3024 642 3088 induatur
663 3043 700 3090 ac
720 3023 882 3106 iuguletur
901 3043 1034 3088 necesse
1056 3031 1114 3088 est.
1131 3012 1257 3109 -iQi
1277 3033 1371 3100 esset,
1393 3027 1519 3110 ignora·
1636 3019 1685 3095 44

188 3109 516 3202 Βυξξῳοοοωοοοοι
538 3137 610 3182 esse
631 3118 843 3201 suspicabare.
858 3149 900 3164 -
914 3119 986 3180 Non
1007 3137 1137 3201 quaero,
1160 3136 1224 3202 qua
1245 3119 1442 3201 suspicione:
1463 3128 1519 3187 tua

189 3219 222 3274 to
242 3231 357 3276 accuso
379 3210 534 3274 oratioue.
571 3212 679 3275 Civem
694 3213 871 3274 Romanum
893 3229 927 3272 se
950 3230 1020 3273 esse
1042 3210 1175 3276 dicebat
1210 3211 1245 3274 Si
1259 3219 1294 3274 tu
1308 3212 1393 3294 apud
1407 3215 1518 3278 Persas

190 3312 246 3368 eut
265 3306 299 3368 in
320 3313 462 3369 extrma
477 3304 567 3368 ludia
589 3305 817 3389 deprehensus,
839 3303 965 3377 Verres,
987 3302 1027 3367 ad
1043 3304 1235 3387 supplicium
1251 3303 1419 3381 ducerere,
1440 3307 1518 3389 quid

191 3397 279 3462 aliud
299 3397 494 3473 clamitares,
522 3399 584 3462 uisi
606 3407 637 3462 te
664 3397 765 3463 civem
794 3415 864 3460 esse
886 3397 1084 3462 Romanum?
1115 3407 1147 3462 et
1167 3399 1195 3464 si
1216 3396 1274 3462 tibi
1302 3399 1413 3480 ignoto
1435 3399 1557 3483 spudeo

191 3491 328 3575 ignotos,
350 3493 435 3576 apnd
455 3492 616 3567 barbaros,
638 3490 722 3575 apud
743 3491 890 3555 homines
910 3491 945 3553 iu
965 3492 1116 3555 extremis
1131 3499 1225 3575 atqrm
1239 3491 1358 3556 ultimis
1373 3495 1520 3576 gentibus

190 3585 328 3669 positos,
356 3585 463 3649 nobile
493 3593 525 3649 et
553 3585 675 3650 illustre
697 3586 782 3670 opud
803 3603 914 3648 omnes
936 3603 1053 3648 nomrm
1081 3585 1217 3650 civitatis
1238 3593 1311 3649 tuae
1337 3585 1519 3670 profuisset,

190 3678 260 3754 ille,
283 3679 429 3764 quisquis
450 3687 534 3755 erat,
557 3701 652 3764 44444
675 3681 765 3744 tuin
787 3697 911 3742 crucem
933 3679 1094 3761 rapiebas,
1120 3681 1177 3763 qui
1199 3679 1256 3742 tibi
1276 3687 1362 3743 esset
1381 3682 1519 3764 ignotus,

191 3791 264 3837 com
284 3773 387 3838 civem
401 3793 436 3838 se
451 3775 628 3840 Romanum
642 3794 713 3839 esse
728 3773 857 3849 diceret,
879 3773 964 3857 apud
981 3778 1012 3836 to
1026 3780 1215 3857 praetorem,
1237 3775 1344 3836 uuor
1358 3775 1519 3858 effugium,

189 3883 232 3930 ue
252 3885 374 3934 moram
395 3867 526 3952 qrddem
555 3867 668 3934 mortis
695 3867 857 3934 mentione
887 3874 985 3950 atque
1004 3867 1212 3952 comotione
1234 3867 1371 3934 civitatis
1391 3867 1557 3952 assequi!

255 4164 280 4217 l.
298 4166 378 4229 444444
394 4167 471 4230 egre.
492 4191 521 4204 -
539 4167 564 4218 4.
582 4171 611 4216 ut
625 4165 671 4216 hcc
686 4165 769 4229 ipsum
782 4164 876 4229 possim
892 4163 974 4215 dicen
996 4163 1075 4227 Lg‘lb.
1096 4187 1122 4200 ·-
1143 4161 1178 4212 od
1193 4163 1277 4226 Lgbtl:
1302 4165 1436 4215 4444444444
1452 4165 1517 4216 dett.

191 4238 221 4289 0.
236 4240 296 4291 -4,
310 4241 376 4292 testis
386 4241 499 4306 4349-
509 4242 534 4292 l.
548 4241 656 4292 θοοαηοο
667 4241 736 4304 44449
748 4239 779 4292 44
790 4239 822 4292 td
835 4241 863 4291 et
875 4241 909 4299 0;
922 4239 1043 4290 04444444
1054 4238 1132 4301 legg.
1145 4233 1202 4287 rell.
1211 4241 1322 4300 -atqus
1333 4240 1348 4290 4
1359 4239 1437 4304 lagg.
1451 4239 1516 4289 dett.

192 4337 220 4350 -·
233 4313 257 4365 9.
276 4319 304 4365 trs
319 4327 374 4366 om.
391 4317 469 4381 4449.
484 4342 511 4353 -
525 4317 549 4367 9.
563 4321 587 4366 et
603 4329 656 4367 om.
675 4315 757 4366 idem.
777 4315 824 4382 (cl.
837 4328 864 4380 p.
875 4314 932 4366 433.
945 4327 972 4364 v.
983 4313 1023 4365 94.
1036 4313 1118 4375 Bru.)
1134 4337 1162 4347 -
1176 4312 1216 4363 44.
1229 4314 1279 4363 4444
1291 4316 1417 4378 promissis
1427 4311 1516 4364 codd:

190 4387 291 4440 44444444
300 4403 323 4441 s.
336 4389 436 4442 44444444
447 4393 577 4455 moncels
588 4393 656 4442 coni.
668 4387 773 4449 Lamb.;
791 4389 875 4440 444444
886 4389 1014 4452 poene
1025 4387 1093 4438 conl.
1107 4385 1177 4452 lips.
1187 4412 1214 4424 -
1233 4387 1273 4438 44.
1286 4401 1337 4440 esse
1351 4403 1391 4440 444
1402 4389 1479 4454 4449.
1488 4413 1515 4424 -

191 4461 232 4514 ll.
251 4464 449 4530 4444444349.
464 4490 490 4500 -
511 4465 552 4516 46.
571 4469 594 4516 et
610 4478 665 4517 om.
678 4466 694 4515 4
706 4463 784 4527 Lagg.
797 4463 861 4514 dett.
876 4491 904 4500 —
919 4465 959 4514 tl.
977 4463 1051 4514 Cottii
1067 4459 1148 4526 ugit:
1167 4461 1235 4512 cocti
1251 4463 1333 4526 L8293
1352 4465 1416 4516 Cotti
1432 4466 1513 4515 cit.-

189 4539 366 4606 loceetrssbgt
376 4542 424 4592 494
437 4541 542 4592 secem
552 4541 649 4592 dett-
664 4541 703 4591 ld.
714 4539 774 4602 llept
785 4537 979 4603 cgcceuspr.
992 4550 1061 4588 οι.-
1073 4537 1131 4600 feeit
1141 4535 1231 4587 codd:
1248 4537 1311 4604 sarit
1321 4539 1390 4589 conl.
1403 4539 1516 4588 Ernesti.

192 4639 220 4650 —·
244 4615 286 4666 49.
308 4616 351 4668 recl
371 4629 397 4666 se
412 4616 497 4680 Lgbtl:
524 4618 567 4668 sed
587 4619 631 4680 qni
647 4613 751 4678 snglll
767 4615 800 4674 03
823 4615 866 4665 aed
887 4613 931 4676 qut
946 4613 1013 4676 Lgt3
1037 4612 1079 4661 sed
1096 4611 1156 4676 lom.
1179 4611 1215 4676 cel
1235 4613 1314 4675 lagg.
1337 4611 1394 4662 rell.
1418 4611 1472 4676 (qus
1492 4623 1519 4662 44

188 4691 286 4742 sonim
301 4691 347 4755 G..
365 4693 409 4744 444
423 4693 513 4744 vidisse
529 4693 569 4754 L.)
588 4720 616 4731 -
634 4695 675 4744 20.
694 4693 763 4743 44444.
782 4701 833 4738 esce
848 4689 931 4752 egee:
957 4699 1008 4738 4444
1023 4688 1091 4737 llom.
1109 4683 1167 4736 rell.
1186 4685 1215 4736 0.
1236 4713 1263 4723 -
1281 4685 1323 4737 43.
1340 4687 1518 4738 dubitationes

189 4764 304 4827 44444444
318 4767 401 4816 crucis
421 4771 450 4818 444
465 4768 537 4817 eud.
555 4769 623 4834 4849
641 4769 741 4833 Neug.:
763 4761 941 4813 dubitationes
956 4763 1017 4825 olle.
1040 4761 1204 4812 crudelissimi
1224 4763 1286 4824 (om.
1305 4765 1387 4814 4444444
1404 4763 1442 4829 ut)
1458 4759 1515 4812 rell.

190 4841 269 4905 Lagg.
287 4841 346 4906 (sed
363 4840 395 4894 tl
411 4854 450 4895 m.
466 4855 523 4894 sec.
534 4841 703 4908 weltonem
720 4841 864 4893 4444444444
879 4841 940 4905 olio.
952 4841 1042 4903 cocis,
1059 4841 1169 4891 44444.
1180 4840 1323 4898 Victorius;
1341 4837 1519 4888 4444444ιί4444

190 4915 314 4982 odorato,
330 4921 360 4969 44
374 4919 518 4970 mmo-
536 4917 578 4970 44.
593 4919 671 4982 possit
686 4917 764 4983 Lgit.
776 4935 804 4953 ⁵-
823 4917 869 4968 bcc
885 4922 951 4969 44444
966 4916 1049 4968 idem.
1061 4941 1090 4954 -
1107 4917 1148 4967 44.
1167 4927 1193 4967 re
1208 4928 1262 4967 cm.
1275 4914 1357 4966 idem.
1372 4940 1400 4950 -
1417 4912 1459 4964 49.
1477 4911 1518 4961 ds·

186 5002 294 5054 44444444
309 4991 388 5058 4349.
408 5019 437 5030 -
455 4995 490 5044 ed
505 4993 586 5058 suppl.
604 4993 716 5057 doceret,
740 4993 801 5056 quid
825 4993 895 5044 444444
911 4993 1036 5042 eloim
1055 4991 1189 5042 soterian.
1209 5017 1237 5028 -
1256 4989 1297 5041 39.
1321 4988 1391 5052 opud
1409 4986 1518 5037 44444444

190 5075 243 5116 em.
262 5067 323 5119 sev.
345 5079 374 5134 p.
392 5065 451 5121 344
473 5067 604 5134 probante
628 5070 715 5119 (terat.
733 5070 766 5120 ll.
795 5087 808 5114 ι
817 5081 881 5120 nem
897 5066 1010 5120 Tullium
1025 5067 1135 5118 44444444
1149 5067 1177 5118 ie
1191 5065 1286 5117 44444444
1300 5063 1413 5130 pentibus
1425 5060 1518 5124 44444444

188 5140 392 5268 genum
406 5143 482 5196 444444
496 5141 540 5197 rel
555 5143 697 5210 4444444444
710 5144 755 5196 rix
772 5143 905 5195 dictinum
920 5142 1002 5195 luisse
1019 5143 1109 5208 puto.»
1122 5141 1206 5194 -94,
1223 5141 1270 5193 clo.
1288 5136 1440 5202 meges:
1458 5139 1518 5187 4444
