3684 5862
577 451 877 520 cmxv-xva
904 447 1140 538 suto-ca.
1479 447 1520 516 44

202 625 395 690 continuone
423 645 533 688 verum
553 623 615 688 fuit
636 626 814 708 postulare,
843 630 879 688 ut
907 645 948 688 ex
970 624 1074 688 edicto
1095 623 1181 687 bona
1202 621 1368 708 possidere
1389 621 1521 686 liceret?

201 722 250 784 Ad
281 721 360 785 haec
389 727 528 783 extrema
550 728 583 783 et
609 720 828 784 inimicissima
849 722 919 784 iura
941 727 1005 782 tam
1027 719 1142 802 cupide
1164 718 1372 793 decurrebas,
1405 726 1442 781 ut
1462 718 1521 781 tibi

201 816 282 878 nihil
302 817 337 881 in
358 822 535 902 posterum,
558 816 645 900 quod
667 815 793 899 gravius
815 819 910 899 atque
933 812 1091 877 crudelius
1106 813 1210 877 lacere
1229 831 1358 896 posses,
1380 831 1522 876 reserva·

201 913 273 976 rest
307 906 357 974 l9.
378 914 457 974 Nam
482 911 559 994 quid
580 909 702 973 homini
724 916 831 992 potest
853 907 992 991 turpius,
1015 908 1092 991 quid
1113 927 1188 972 vero
1204 906 1351 970 miserius
1367 915 1421 970 aut
1434 921 1522 970 acer·

201 1005 273 1069 hius
301 1026 361 1068 usu
387 1006 520 1070 veniret
550 1006 636 1090 quod
665 1011 787 1068 tautum
817 1004 944 1068 evenire
965 1004 1117 1079 dedecus,
1147 1022 1229 1087 quae
1250 1009 1338 1065 tanta
1359 1001 1521 1066 calamitas
1543 1010 1559 1057 ⁸

202 1099 337 1164 inveniri
371 1105 501 1184 potest‘l
543 1099 713 1164 Pecuniam
743 1099 769 1162 si
804 1098 944 1181 cuipiam
970 1095 1097 1160 fortuna
1124 1098 1243 1162 ademit
1262 1103 1319 1160 aut
1339 1095 1366 1158 si
1388 1097 1522 1160 alicuius

203 1195 320 1278 eripuit
341 1196 471 1272 iniuria,
506 1203 626 1270 tamen,
660 1196 734 1257 dum
763 1193 957 1257 existimatio
980 1200 1029 1255 est
1054 1193 1193 1274 integra,
1224 1191 1317 1255 facile
1339 1192 1523 1254 consolatur

200 1288 350 1353 honestas
378 1297 559 1373 egestatem.
602 1290 643 1354 lt
675 1309 739 1351 non
771 1304 865 1350 nemo
895 1293 949 1349 aut
978 1287 1153 1370 ignominia
1175 1287 1304 1350 affectus
1326 1293 1382 1349 aut
1403 1287 1522 1349 iudicio

201 1386 288 1468 turpi
309 1385 472 1448 convictus
495 1385 588 1448 bouis
612 1385 742 1468 quidem
765 1383 830 1446 suis
852 1381 969 1456 utitur,
992 1381 1122 1445 alterius
1144 1400 1236 1465 opes,
1258 1379 1292 1442 id
1307 1380 1394 1464 quod
1412 1381 1524 1445 miser·

201 1481 316 1542 rimum
338 1487 401 1555 est,
424 1501 488 1543 non
511 1485 691 1562 exspectat:
725 1476 787 1540 hoo
810 1478 969 1540 tamenin
991 1476 1128 1540 miseriis
1150 1477 1332 1538 adiumento
1355 1481 1387 1538 et
1408 1475 1561 1538 solutiora

202 1574 392 1638 sublevatur.
438 1575 536 1638 Cuius
557 1590 634 1636 varo
656 1574 741 1636 bona
763 1570 1066 1650 venierunt3<ouius
1095 1589 1160 1633 nou
1182 1570 1277 1633 modo
1299 1569 1373 1632 illae
1394 1571 1524 1655 amplis-

202 1670 300 1732 simae
321 1669 485 1744 fortunae,
507 1669 563 1732 sed
586 1668 681 1731 etiam
702 1667 804 1730 victus
827 1667 1024 1748 vestitusque
1045 1663 1243 1728 necessarius
1257 1664 1315 1726 sub
1333 1684 1523 1747 praeconem
1641 1713 1649 1731 .

202 1783 274 1826 cum
296 1763 453 1825 dedecore
475 1761 637 1825 subiectus
659 1757 727 1858 est)
749 1761 777 1823 is
799 1781 864 1824 non
886 1761 981 1823 modo
1005 1778 1045 1822 ex
1066 1777 1201 1822 numero
1215 1757 1358 1822 vivorum
1377 1761 1525 1824 exturba·
1583 1759 1677 1801 s*

202 1866 272 1933 tur,
294 1857 365 1930 sed,
390 1857 416 1920 si
438 1853 506 1919 lieri
528 1863 650 1939 potest,
673 1855 756 1919 insra
778 1855 873 1919 etiam
895 1861 1037 1919 mortuos
1059 1852 1257 1918 amandetur.
1292 1852 1417 1916 Etenim
1438 1874 1523 1919 mors

201 1954 336 2018 honesta
358 1971 452 2035 saepe
474 1951 571 2013 vitam
592 1969 723 2034 quoque
744 1958 869 2033 turpem
892 1955 1040 2012 exornat:
1062 1947 1128 2011 vita
1149 1947 1251 2030 turpis
1273 1967 1314 2010 ne
1338 1950 1431 2012 morti
1454 1951 1562 2035 qui-ts

204 2049 277 2110 dem
298 2045 453 2110 honestae
474 2045 579 2108 locum
600 2046 763 2129 relinquit.
797 2043 849 2107 50.
870 2043 954 2127 Ergo
975 2043 1124 2117 hercule,
1146 2043 1238 2106 cuius
1258 2041 1344 2105 bonu
1365 2063 1406 2106 ex
1420 2045 1524 2109 edicto

204 2127 539 2238 possideptur,(huius
562 2139 666 2204 omnis
688 2139 771 2202 sama
792 2144 825 2202 et
846 2138 1040 2202 existimatio
1062 2157 1135 2200 cum
1156 2135 1249 2200 bonis
1265 2136 1359 2199 simul
1381 2139 1526 2220 posside·

204 2229 288 2394 tur?
304 2235 344 2298 de
373 2253 438 2320 qao
467 2233 566 2296 libelli
596 2235 629 2296 iu
652 2231 866 2297 celeberrimis
888 2233 968 2296 locis
990 2238 1230 2316 proponuntur,
1262 2229 1338 2294 huic
1359 2251 1401 2295 ue
1421 2234 1526 2316 perire

203 2331 257 2414 qui
281 2351 331 2394 em
353 2328 446 2392 tacite
469 2327 667 2412 obscureque
689 2327 890 2403 conceditur3
913 2328 965 2391 cui
987 2327 1128 2410 magistri
1149 2323 1231 2390 liunt
1251 2333 1284 2389 et
1303 2325 1424 2389 domini
1450 2347 1527 2392 oon-

201 2425 387 2497 stituuntur,
410 2423 483 2508 qui,
506 2442 569 2508 qua
591 2423 661 2505 lege
677 2429 709 2484 et
724 2441 788 2506 qua
802 2421 993 2485 condicione
1008 2428 1134 2506 pereat,
1155 2421 1381 2504 pronuntieut;
1404 2423 1444 2486 de
1459 2433 1564 2508 quoat

200 2519 329 2584 homine
350 2517 516 2602 praeconis
538 2537 603 2580 vox
623 2516 788 2601 praedicat
809 2525 841 2580 et
863 2517 1000 2600 pretium
1022 2513 1166 2580 conticit:
1189 2515 1264 2578 huie
1286 2515 1525 2582 acerbissimum

201 2617 274 2679 vivo
295 2614 481 2697 videntique
502 2611 598 2675 sunus
621 2611 763 2686 ducitur,
786 2613 814 2675 si
836 2612 932 2675 funus
947 2612 981 2674 id
994 2612 1176 2677 habendum
1191 2611 1248 2685 sit,
1271 2631 1337 2694 quo
1352 2631 1418 2676 non
1432 2613 1526 2678 amici

202 2711 394 2774 conveniunt
415 2709 455 2771 ad
477 2708 647 2792 exsequias
666 2707 937 2782 cohonestandas,
960 2708 1017 2770 sed
1037 2706 1194 2769 bonorum
1209 2712 1386 2788 emptores,
1408 2715 1445 2771 ut
1458 2727 1527 2772 car·

202 2801 326 2878 nilices,
358 2804 398 2866 ad
421 2803 571 2887 reliquias
593 2801 677 2865 vitae
700 2801 883 2865 lacerandas
907 2809 940 2865 et
960 2800 1192 2863 distrahendas.
1234 2800 1320 2862 XVI.
1341 2797 1392 2864 bl.
1414 2803 1527 2887 Itaque

197 2897 338 2960 maiores
359 2896 461 2960 nostri
483 2917 555 2960 raro
577 2896 610 2959 id
631 2895 776 2960 accidere
798 2897 984 2972 voluerunt3
1007 2903 1185 2979 praetores,
1207 2901 1244 2959 ut
1257 2895 1456 2961 considerate
1472 2895 1564 2962 lie-st

202 2998 266 3066 ret,
290 2995 569 3074 comparaverunt:
599 2990 659 3054 viri
680 2990 775 3065 boni,
797 3011 869 3054 cum
890 2992 995 3075 palam
1016 2989 1220 3064 fraudantur,
1243 3009 1315 3052 oum
1336 2992 1526 3074 experiundi

1578 2193 1688 2242 (v

202 3091 343 3170 potestas
365 3103 431 3148 non
453 3091 517 3159 est,
539 3084 651 3147 timide
669 3089 775 3148 tamen
798 3092 830 3147 et
850 3085 1080 3169 pedetemptim
1101 3083 1183 3148 istuc
1205 3084 1414 3161 descendunt,
1436 3085 1468 3150 vi
1489 3106 1527 3149 ao

202 3178 390 3242 necessitate
407 3177 531 3252 coacti,
552 3178 661 3254 inviti,
684 3179 792 3244 multis
813 3179 1005 3243 vadimoniis
1027 3179 1178 3254 desertis,
1200 3199 1295 3264 saepe
1317 3178 1402 3244 illusi
1421 3200 1459 3244 ac
1472 3179 1527 3244 de·

204 3273 316 3336 stituti.
359 3271 569 3336 Considerant
589 3273 688 3347 enim,
711 3273 791 3356 quid
813 3280 845 3336 et
866 3279 1021 3357 quantum
1042 3274 1100 3348 sit,
1132 3272 1262 3336 alterius
1283 3272 1370 3338 bona
1391 3274 1528 3358 proscri-

203 3368 288 3431 bere.
330 3367 477 3450 luqulare
512 3368 613 3431 civem
641 3389 681 3430 ne
709 3369 778 3430 iure
807 3369 936 3452 quidem
967 3367 1136 3452 quisquam
1165 3367 1269 3430 bonus
1290 3367 1375 3432 vult:
1408 3367 1564 3432 mavulrao

205 3481 467 3537 commemorare,
490 3481 541 3536 se,
563 3481 635 3524 cum
656 3467 765 3545 posset
785 3461 933 3545 perdere,
956 3462 1150 3548 pepercisse,
1174 3483 1284 3548 quam,
1307 3482 1379 3527 cum
1396 3483 1526 3546 parcere

204 3555 358 3640 potuerit,
380 3554 567 3639 perdidisse.
604 3555 690 3618 llaec
712 3555 744 3617 in
766 3553 912 3620 homines
934 3556 1163 3632 alienissimos,
1187 3555 1327 3642 denique
1346 3557 1527 3623 inimicissi-

204 3670 289 3725 mos,
310 3649 371 3714 viri
392 3648 470 3711 boni
491 3648 612 3711 faciunt
634 3657 666 3712 et
686 3649 852 3716 homiuum
875 3651 1121 3716 existimationis
1143 3657 1176 3716 et
1189 3653 1366 3717 communis
1379 3654 1528 3718 humani·

204 3745 277 3808 tatis
299 3761 410 3819 causa,
433 3748 483 3818 ut,
506 3764 578 3807 cum
598 3744 660 3826 ipsi
682 3744 762 3806 nihil
784 3743 876 3810 alteri
895 3746 1031 3809 scientes
1046 3746 1329 3822 incommodariut,
1351 3747 1434 3812 nibil
1447 3747 1527 3832 ipsis

205 3838 274 3901 iure
295 3837 488 3902 incommodi
511 3839 623 3901 cadere
644 3840 755 3922 possit.
799 3837 850 3905 52.
882 3841 931 3904 hd
952 3841 1170 3906 vadimonium
1191 3833 1257 3904 non
1279 3843 1376 3906 venit.
1420 3844 1564 3920 Quislar

271 4056 295 4105 4.
313 4052 408 4118 4444444]
424 4058 535 4104 murum
550 4051 599 4116 kl,
617 4067 725 4116 osquam
742 4067 802 4106 em.
823 4057 930 4107 «Vmuu
946 4069 995 4124 pro
1006 4057 1070 4108 44444
1086 4058 1130 4108 hle
1142 4059 1248 4124 accipe»
1266 4071 1319 4123 mg.
1332 4059 1359 4110 h.
1379 4060 1417 4112 cl.
1432 4066 1481 4112 nos
1493 4061 1527 4113 ad

206 4131 295 4182 llorat.
309 4129 374 4194 Epp.
388 4129 412 4190 4,
425 4129 450 4190 4,
463 4129 504 4180 38.
519 4153 547 4164 -
560 4128 584 4178 3.
595 4129 678 4195 atque]
689 4135 735 4181 out
745 4131 824 4196 EGg.
839 4157 867 4168 -
880 4131 903 4183 4.
921 4133 1057 4183 4444444444
1069 4135 1224 4186 elaustro
1236 4147 1297 4186 cum
1309 4136 1424 4188 4444444444
1435 4135 1482 4191 30.
1497 4161 1525 4174 -

206 4208 258 4274 aut]
271 4205 366 4270 qutdk.
378 4231 406 4241 -
425 4205 448 4254 6.
462 4205 572 4268 44444444
582 4206 603 4254 u·
613 4208 644 4256 Α.
657 4231 684 4241 -
703 4206 727 4256 9.
742 4205 790 4257 «al.
804 4207 906 4259 44444444
916 4221 985 4271 opes,
1004 4209 1150 4261 mendose»
1162 4222 1214 4274 mg.
1228 4211 1254 4265 3.
1267 4237 1293 4276 e·
1314 4211 1353 4262 44.
1367 4211 1528 4264 mutuam

207 4296 230 4334 e.
243 4273 273 4320 '-
290 4281 412 4332 4444444444
428 4281 453 4332 lr.
468 4307 495 4317 -
515 4281 554 4332 43.
570 4293 720 4344 praecocem
733 4281 910 4348 Wesenberg:
926 4297 1050 4347 praecone
1066 4297 1128 4336 cum
1139 4283 1213 4337 libris
1224 4287 1334 4340 44420.
1353 4286 1411 4338 vlo.
1424 4287 1528 4353 iladvig

206 4358 240 4410 ad
254 4359 308 4409 cio.
326 4356 360 4408 de
378 4357 450 4406 Flnn.
469 4369 495 4421 p.
509 4355 609 4422 248444.
630 4381 657 4394 -
677 4358 717 4408 43.
736 4359 823 4409 44444
837 4361 911 4410 modo
1003 4366 1114 4411 44444444
1129 4362 1330 4413 mandatorem.
1343 4362 1395 4415 ho.
1416 4392 1443 4403 -
1460 4367 1529 4415 utro-

205 4449 263 4486 4444
277 4436 336 4485 het
346 4445 437 4484 errore
448 4434 552 4498 typogr.
571 4434 600 4484 0.
615 4459 642 4468 —
656 4432 697 4485 tl.
712 4431 759 4484 444.
774 4435 849 4484 ettam
864 4435 934 4499 44444
948 4440 1040 4486 mart.»
1058 4447 1111 4499 mg.
1122 4435 1147 4489 8.
1160 4463 1189 4474 -
1206 4437 1344 4488 4444444444
1358 4439 1528 4504 4344444443

206 4507 328 4560 hiklm.
348 4535 375 4544 -
393 4508 491 4558 44444444
502 4532 516 4544 -
527 4533 542 4544 -
554 4507 690 4573 celioque]
708 4509 745 4559 Ex
760 4507 848 4559 multis
859 4509 936 4561 huius
948 4523 1046 4574 pravae
1064 4512 1209 4562 sententiae
1227 4512 1362 4564 sanandae
1379 4515 1528 4567 tentamini-

206 4582 258 4634 bns
274 4583 387 4633 maxime
405 4581 523 4633 arrident
539 4581 625 4634 0444444
643 4587 670 4634 44
686 4583 779 4636 llandll
796 4583 913 4648 44444444.
932 4585 974 4635 IV.
993 4597 1019 4650 p.
1033 4586 1083 4650 44.)
1101 4588 1284 4651 coniecturae,
1309 4601 1424 4654 quorum
1440 4589 1483 4642 llle
1500 4592 1528 4641 44

206 4659 308 4709 4444444
325 4658 351 4706 44
366 4663 463 4720 turpem
480 4656 594 4709 delenda
611 4662 716 4724 censet,
739 4659 782 4710 hic
799 4658 936 4710 dumtaxat
950 4665 1061 4724 aspum
1086 4661 1199 4714 4444444444
1219 4677 1271 4714 uon
1291 4665 1402 4716 insemlt
1421 4670 1482 4718 44444
1498 4679 1525 4718 v.

206 4739 312 4796 4444444.
339 4731 415 4796 (mors
438 4734 519 4797 4444444
540 4749 572 4786 aa
594 4736 661 4786 ottae
686 4736 785 4798 quiden
808 4747 865 4786 var.
889 4733 950 4786 lect.
971 4737 1095 4802 Nauger.)
1115 4762 1145 4775 -
1171 4739 1211 4789 48.
1230 4739 1289 4790 44444
1306 4747 1435 4803 4444444444
1450 4742 1475 4792 44.
1496 4768 1524 4779 -

207 4809 247 4861 te.
267 4805 488 4871 444444144444444
508 4817 605 4862 carue
623 4809 760 4865 etse·
778 4812 819 4862 444.
838 4811 1146 4864 ascomannorum.-
1164 4813 1205 4865 ii.
1225 4815 1316 4866 44444444
1332 4816 1483 4868 ltbcdhn
1499 4820 1528 4868 et

206 4899 248 4951 pr.
267 4883 289 4946 4,
307 4881 426 4932 4444444444·
442 4884 482 4934 ok
499 4885 597 4952 4443,
615 4887 743 4937 inducitur
758 4897 794 4937 m.
815 4915 842 4924 -
860 4885 899 4952 444]
917 4891 952 4940 at
968 4887 1094 4940 Halmius.
1110 4917 1138 4928 -
1155 4889 1196 4940 33.
1214 4890 1251 4956 ut]
1267 4895 1291 4942 44
1306 4892 1332 4943 lx.
1352 4915 1379 4928 -
1398 4892 1438 4943 344.
1458 4905 1527 4944 4444-

209 4961 266 5012 dere
282 4957 375 5021 cdlg.
395 4957 433 5009 Cl.
447 4959 471 5023 8.
485 4959 509 5012 3.
523 4987 552 4999 -
571 4963 611 5013 30.
629 4963 696 5014 444444
712 4963 737 5014 tr.
752 4991 780 5000 —
797 4962 893 5012 4444444
904 4964 939 5012 P:
957 4963 1054 5012 mauult
1070 4962 1135 5014 444444
1152 4977 1214 5015 cum
1232 4967 1328 5018 ceteris
1344 4965 1417 5018 librls
1433 4967 1523 5023 Alto.

211 5063 238 5073 -
248 5035 288 5086 33.
306 5033 495 5084 musaeum
505 5048 587 5085 444444
602 5039 748 5102 aequatione
763 5043 808 5087 aaut
819 5037 941 5102 4444444444
955 5037 1109 5101 4444444444,
1127 5040 1289 5091 4444444444444
1305 5043 1332 5103 4.,
1350 5042 1417 5093 urlro
1434 5055 1525 5095 errore

209 5123 242 5162 cx
252 5109 393 5162 llotomenl
409 5107 577 5162 adnotatione
587 5114 670 5164 verba
684 5115 735 5165 ista
746 5123 944 5178 supervacanea
961 5114 1121 5167 adsciscens.
1139 5141 1167 5152 -
1185 5116 1290 5179 44444444
1303 5118 1332 5167 u
1346 5116 1528 5171 4444444444

208 5186 347 5239 munus.
362 5211 387 5224 -
408 5183 449 5236 34.
467 5185 529 5236 auu
543 5187 571 5237 44
586 5199 611 5240 44
626 5188 681 5240 lure
692 5188 762 5239 Glm
780 5190 807 5240 et
823 5201 891 5240 corr.
910 5188 928 5241 4.
