3642 5868
286 423 349 494 ἥδ
580 470 585 478 -
658 427 701 492 IN
721 425 890 496 VERREM
909 427 1034 494 Aemo
1057 427 1241 496 SECUNDA

286 617 356 662 cem
370 596 508 681 primos:
529 595 592 660 nisi
613 597 827 662 restituissent
848 605 978 675 statuas,
999 599 1205 664 vehementer
1224 598 1372 663 minatur.
1399 597 1449 664 Illi
1464 599 1504 663 ad
1518 619 1611 666 sena-

285 700 354 757 tum
374 693 570 756 renuntiant.
607 691 746 768 Statuae,
769 712 851 777 quae
873 694 967 758 istius
989 712 1105 758 causae
1125 694 1205 757 nihil
1227 691 1426 777 prodessent,
1448 713 1610 777 reponun-

284 794 353 850 tur:
376 785 503 848 decreta
517 784 807 868 Centuripinorum,
829 808 913 873 quae
935 790 975 852 de
997 789 1109 852 statuis
1132 794 1222 852 erant
1241 786 1335 864 iacta,
1356 805 1423 851 nou
1444 789 1609 853 tolluntur.

282 879 344 944 Hie
365 899 425 963 ego
446 879 533 944 aliud
555 878 611 943 alii
632 881 791 944 concedo:
813 881 959 958 Metello,
980 881 1103 947 homini
1126 881 1274 964 sapienti,
1296 901 1427 964 prorsus
1448 902 1512 947 non
1534 903 1610 967 pos-

259 977 354 1038 ⁵sum
375 976 551 1057 ignoscere,
574 975 602 1038 si
624 975 702 1059 quid
726 975 822 1038 stulte
843 975 927 1040 iacit.
958 976 1065 1052 Quidt
1088 975 1143 1039 ille
1164 975 1225 1039 hoc
1246 976 1378 1058 putabat
1391 976 1483 1040 Verri
1505 977 1610 1041 orimi-

282 1087 396 1132 nosum
416 1067 502 1145 iore,
524 1069 552 1132 si
574 1069 643 1131 eius
666 1075 787 1132 statuae
810 1078 917 1134 essent
937 1071 1097 1144 deiectae,
1130 1070 1217 1154 quod
1240 1089 1336 1153 saepe
1358 1078 1453 1135 vento
1475 1081 1531 1136 aut
1550 1071 1610 1134 ali·

145 1179 219 1273 rpL
243 1205 246 1213 ·
282 1181 347 1246 quo
369 1181 445 1226 casu
466 1161 536 1225 fieri
558 1163 662 1226 soleti
678 1148 765 1226 (Non
788 1171 855 1227 erat
877 1165 911 1228 in
931 1165 993 1229 hoc
1012 1185 1118 1249 neque
1133 1165 1253 1229 crimen
1266 1166 1368 1228 ullum
1382 1185 1489 1250 neque
1503 1185 1610 1250 repre-

113 1253 127 1270 ‘
154 1256 192 1305 ³¹⁴
203 1311 216 1350 ,
280 1250 497 1346 hensioqiEx
518 1278 583 1341 quo
607 1257 705 1341 igitur
725 1245 845 1322 crimen
868 1265 964 1342 atque
986 1259 1148 1323 accusatio
1170 1238 1340 1339 nascituri)
1372 1259 1423 1323 Ex
1442 1260 1609 1325 hominum

141 1358 252 1436 ost-s
280 1350 401 1415 iudicio
423 1359 455 1416 et
475 1351 649 1416 voluntate.
693 1352 833 1416 LXVlll.
864 1346 936 1416 463.
966 1353 1050 1436 Ego,
1080 1354 1107 1416 si
1129 1352 1277 1417 Metellus
1306 1359 1426 1418 statuas
1452 1374 1608 1438 reponere

243 1449 272 1496 ⁴⁰
282 1444 506 1529 Centuripinos
527 1466 593 1509 uon
615 1447 782 1529 coegisset,
803 1446 882 1509 haec
905 1445 1059 1510 dicerem:
1085 1446 1217 1522 Videte,
1239 1446 1378 1522 iudices,
1401 1454 1555 1532 quantum
1577 1454 1609 1513 et

280 1558 375 1626 quom
397 1541 545 1604 acerbum
563 1538 707 1604 dolorem
723 1541 882 1604 sociorum
897 1546 994 1622 atque
1009 1539 1183 1604 amicorum
1197 1540 1312 1603 animis
1327 1541 1502 1604 inusserint
1514 1541 1608 1605 istius

278 1636 431 1711 iniuriae,
461 1655 534 1699 oum
563 1635 844 1719 Centuripinorum
873 1633 1065 1697 amicissima
1094 1641 1128 1698 et
1154 1631 1340 1700 fidelissima
1367 1635 1497 1710 ciritae,
1525 1655 1607 1719 quae

279 1730 377 1796 tantis
409 1726 523 1794 officiis
555 1749 627 1793 cum
655 1728 777 1812 populo
806 1729 949 1791 Romano
977 1729 1148 1792 coniuncta
1178 1736 1240 1803 est,
1269 1735 1393 1791 utnon
1415 1729 1519 1792 solum
1540 1749 1607 1793 rem

278 1823 440 1906 publicam
469 1830 626 1899 noemam,
658 1823 716 1886 sed
745 1823 840 1886 etiam
872 1823 905 1886 in
928 1821 1043 1906 quovis
1064 1822 1195 1887 homine
1217 1823 1341 1907 privato
1362 1843 1480 1888 nomen
1501 1825 1607 1909 ipsum

159 1931 184 2016 ᾖ
241 1918 455 1982 assemanum
477 1937 602 2000 semper
623 1915 786 1992 dilexerit,
817 1937 855 1980 ea
881 1916 1009 2006 psmlieo
1039 1917 1176 1981 consilio
1198 1924 1293 2001 atque
1315 1918 1503 1982 auctoritate
1524 1918 1608 1983 iudi·

278 2011 358 2078 carit
374 2012 407 2076 C.
422 2013 530 2076 Verris
552 2017 672 2076 statuas
695 2032 765 2076 esse
787 2011 821 2074 in
841 2011 920 2074 urbe
943 2031 1001 2074 sua
1022 2031 1087 2073 non
1103 2017 1261 2094 oportere.
1288 2011 1465 2075 Recitarem
1480 2009 1607 2074 decreta

279 2105 577 2190 Centuripinorum:
608 2106 770 2170 laudarem
796 2106 884 2170 illam
906 2105 1086 2180 civitatem,
1112 2105 1146 2167 id
1168 2103 1255 2188 quod
1277 2104 1442 2169 verissime
1463 2125 1605 2191 possem:

278 2219 560 2265 commemorarem
582 2199 693 2264 decern
715 2200 804 2264 milia
823 2220 893 2264 esse
915 2201 1031 2266 ciuium
1053 2200 1342 2282 Centuripinorum,
1363 2199 1607 2264 fortissimorum

277 2291 600 2378 fidelissimorumque
623 2294 801 2358 sociorum:
824 2314 880 2358 eos
903 2312 1013 2359 omnes
1034 2294 1097 2357 hoc
1112 2295 1262 2358 statuisse
1276 2313 1495 2360 uomnurrvsr
1510 2314 1606 2359 rsrrvs

239 2393 311 2454 ”ru
333 2406 391 2454 svs
421 2407 567 2454 omrsrs
598 2407 725 2452 manvu
754 2405 830 2454 assu
858 2407 1037 2454 oroursns.
1081 2384 1154 2451 tot.
1183 2389 1270 2453 llaec
1299 2393 1366 2452 tum
1396 2389 1550 2465 dicerem,
1579 2389 1606 2452 si

277 2489 397 2546 statuas
413 2481 561 2546 Metellus
583 2501 649 2545 uon
671 2484 876 2566 reposuisset.
910 2483 1015 2547 Velim
1037 2502 1190 2567 quaerere
1212 2503 1297 2547 nune
1320 2503 1361 2546 ex
1381 2482 1453 2566 ipso
1467 2482 1607 2558 Metello,

278 2577 432 2664 quidnam
454 2595 512 2640 sua
532 2575 564 2640 ri
587 2583 619 2639 et
640 2577 828 2642 auctoritate
850 2577 928 2642 milri
951 2598 993 2642 eu
1013 2577 1074 2642 hac
1095 2577 1239 2641 oratione
1260 2577 1460 2661 praeciderit.
1487 2578 1607 2644 Eadem

278 2673 394 2758 opinor
415 2669 523 2735 omnia
544 2671 726 2734 convenire.
755 2672 866 2754 Neque
881 2672 978 2746 enim,
1000 2671 1027 2734 si
1043 2671 1180 2735 mamme
1196 2677 1317 2736 statuae
1333 2671 1476 2737 deiectae
1490 2677 1607 2746 essent,

278 2786 332 2830 eas
353 2785 414 2849 ego
435 2762 527 2829 vobis
548 2782 676 2847 possem
698 2765 838 2828 iacentes
860 2765 1044 2829 ostendere:
1065 2765 1128 2828 hoc
1149 2786 1215 2828 uno
1230 2773 1346 2841 uterer,
1368 2765 1529 2829 civitatem
1542 2772 1606 2828 tam

238 2865 405 2944 ”gravem
428 2864 549 2923 ammas
571 2858 730 2923 iudicasse
754 2859 786 2923 C.
801 2859 909 2922 Verris
931 2859 1158 2923 demoliendas.
1189 2861 1257 2924 Hoc
1279 2859 1357 2923 mihi
1372 2858 1519 2922 Metellus
1540 2877 1607 2922 non

276 2953 411 3038 eripuit:
441 2951 503 3016 hoc
524 2953 620 3017 etiam
641 2951 783 3027 addidit,
812 2961 848 3016 ut
870 2973 1036 3036 quererer,
1059 2954 1086 3016 si
1108 2953 1186 3017 mihi
1209 2952 1386 3028 videretur,
1408 2960 1473 3016 tam
1493 2952 1605 3035 iniquo

275 3049 346 3113 iure
368 3047 465 3112 sociis
493 3051 591 3129 atque
618 3046 729 3110 amieis
750 3047 915 3129 imperari,
943 3054 980 3110 ut
1000 3047 1040 3110 iis
1063 3068 1104 3111 ne
1126 3048 1160 3111 in
1189 3049 1255 3110 suis
1284 3047 1416 3131 quidem
1442 3043 1606 3108 beneficiis

274 3141 377 3207 libero
399 3140 519 3206 indicio
540 3140 588 3205 uti
610 3140 735 3216 liceret3
757 3161 815 3204 vos
836 3160 991 3224 rogarem,
1012 3148 1050 3204 ut
1066 3141 1282 3205 coniecturam
1297 3139 1454 3213 faceretis,
1478 3136 1605 3222 qualem

274 3237 372 3302 iniis
394 3236 490 3300 rebus
511 3234 546 3298 in
567 3253 618 3298 me
633 3235 669 3297 L.
684 3233 848 3298 Metellum
869 3234 969 3298 fuisse
991 3235 1156 3319 putaretis,
1179 3236 1212 3298 in
1234 3234 1352 3318 quihus
1373 3233 1470 3296 rebus
1492 3231 1605 3294 obesse

237 3332 355 3396 mmihi
377 3336 503 3416 posset,
535 3349 606 3392 cum
627 3329 662 3391 in
683 3329 744 3393 hac
764 3348 799 3392 re
819 3335 885 3391 tam
915 3337 1027 3412 aperta
1048 3327 1223 3412 cupiditate
1244 3327 1356 3403 firerit,
1383 3329 1417 3390 in
1440 3344 1505 3411 qua
1525 3323 1606 3388 nihil

275 3425 387 3492 obfuit.
422 3424 486 3490 Sed
508 3442 568 3507 ego
589 3422 719 3487 Metello
741 3443 807 3487 non
829 3424 949 3487 irascor
970 3443 1077 3508 neque
1100 3423 1129 3487 ei
1153 3442 1242 3488 suam
1257 3420 1478 3506 purgationem
1492 3417 1606 3501 eripio,

276 3540 342 3606 qua
363 3518 419 3583 ille
440 3518 525 3602 apud
547 3537 658 3582 omnes
679 3517 796 3592 utituu,
824 3524 860 3581 ut
888 3515 968 3580 nihil
1001 3518 1161 3582 malitiose
1188 3536 1294 3600 neque
1324 3513 1471 3580 consulto
1492 3511 1605 3577 iecisse

274 3615 430 3680 rideatur.

360 3707 474 3770 LXIX.
505 3700 577 3768 465.
598 3706 667 3769 lam
695 3705 798 3790 igitur
825 3715 874 3772 est
894 3707 940 3770 ita
961 3707 1179 3791 perspicuum,
1207 3713 1244 3768 ut
1263 3722 1379 3790 negare
1401 3723 1468 3784 non
1489 3701 1605 3788 possis,

237 3803 397 3868 “nnllam
418 3799 476 3865 tihi
499 3807 634 3864 statuam
655 3799 820 3864 voluntate
850 3801 1038 3884 cuiusquam
1059 3800 1182 3874 domm,
1211 3798 1332 3862 nullam
1353 3797 1521 3881 pecuniam
1543 3803 1606 3862 sta-

274 3904 401 3962 tuarum
422 3893 551 3958 nomine
573 3893 637 3956 nisi
657 3893 690 3956 ri
712 3913 895 3977 expressam
917 3901 950 3959 et
971 3901 1122 3958 coactam.
1166 3892 1240 3969 Quo
1266 3893 1394 3976 quidem
1416 3891 1450 3956 in
1472 3889 1605 3956 crimine

274 4009 341 4055 nou
361 3988 442 4054 illud
463 3987 565 4052 solusm
592 3986 728 4070 intelligi
757 3989 849 4065 volo,
878 3997 910 4053 te
932 3987 972 4052 ad
1005 3996 1122 4053 statuas
1145 3987 1205 4052 Hs
1227 3986 1335 4050 tricies
1357 3985 1518 4069 coegisse,
1548 3983 1605 4049 sed

274 4083 376 4147 multo
399 4083 492 4147 etiarn
515 4079 594 4144 illud
616 4083 727 4164 magis,
749 4083 835 4166 quod
856 4083 952 4146 simul
974 4081 1225 4147 demonstratum
1246 4089 1305 4156 est,
1326 4087 1481 4165 quantum
1495 4077 1605 4142 odium

150 4195 198 4320 p,
274 4184 444 4254 aratorum,
467 4183 621 4258 quaan
643 4176 785 4239 omnium
809 4176 988 4241 Siculorum
1012 4177 1055 4241 sit
1075 4183 1108 4239 et
1127 4175 1233 4238 fuerit.
1256 4172 1307 4247 (Iu
1323 4194 1387 4258 quo
1403 4194 1486 4260 quaa
1499 4179 1606 4238 restra

114 4267 137 4285 ''
237 4269 418 4335 sodeiensio
439 4269 546 4334 iumra
566 4269 618 4346 sit,
642 4271 826 4335 coniectura
847 4271 975 4356 assequi
998 4291 1062 4336 non
1084 4270 1184 4355 queol
1211 4263 1283 4332 466.
1309 4267 1473 4334 «Oderunt
1487 4267 1604 4333 Siculi:

340 4476 365 4525 4.
382 4475 496 4525 minutor
512 4473 633 4538 spots:
650 4475 682 4525 its
697 4477 811 4528 miratore
826 4478 872 4528 ott.
890 4477 919 4528 0.
939 4502 967 4513 -
987 4473 1302 4528 commutarentur
1318 4471 1471 4538 Lglin:
1489 4485 1543 4526 om.
1557 4473 1602 4524 ott

276 4575 305 4585 -
318 4549 343 4600 6.
359 4553 431 4600 moto
448 4547 500 4614 oct]
518 4553 564 4599 osc
578 4561 650 4600 nemo
667 4549 744 4614 lgna.
767 4577 795 4589 -
814 4552 854 4602 40.
878 4552 977 4604 antor.
999 4563 1053 4614 rep.
1073 4547 1141 4613 egle
1158 4563 1185 4615 p.
1202 4563 1240 4600 m.
1261 4575 1289 4586 —
1308 4549 1347 4600 43.
1366 4561 1423 4599 mon
1435 4562 1464 4613 p.
1482 4550 1512 4600 lt.
1530 4561 1553 4602 e.
1570 4551 1606 4599 ert

274 4623 351 4675 drus.
369 4622 404 4675 ll.
423 4637 450 4689 p.
468 4625 526 4676 22⁴.
546 4650 575 4661 -
592 4626 633 4676 to.
652 4625 793 4677 floorurrrcn
809 4625 891 4692 Lgliz
914 4629 1083 4679 demostenem
1100 4627 1146 4677 ott.
1166 4625 1194 4676 0.
1215 4651 1243 4661 -
1262 4624 1303 4676 48.
1322 4637 1373 4676 esre
1388 4625 1436 4676 co.
1454 4623 1602 4689 mole:

273 4699 321 4749 cto.
339 4709 390 4750 erre
405 4698 489 4764 lgm
507 4711 559 4752 esso
577 4712 631 4751 om.
650 4699 699 4752 dtt.
711 4701 779 4752 0.-
799 4702 840 4752 49.
852 4702 938 4754 loct:
957 4714 1011 4753 om.
1029 4700 1116 4752 otto.
1132 4727 1160 4737 -
1178 4699 1220 4751 26.
1238 4699 1299 4750 tuac
1315 4699 1392 4750 moen
1408 4699 1470 4765 ng.
1489 4699 1606 4766 (praetor

272 4769 406 4837 444414.
426 4799 454 4810 -·
471 4774 513 4826 28.
529 4787 574 4825 eos
589 4788 645 4840 rog.
664 4774 733 4840 egla
744 4777 784 4828 M:
807 4783 836 4828 ot
851 4791 895 4828 oos
909 4791 965 4842 rog.
984 4779 1030 4828 ott.
1049 4777 1078 4827 0.
1099 4803 1127 4813 -
1145 4775 1185 4826 49.
1204 4774 1241 4826 lis
1257 4773 1319 4826 edd.
1336 4777 1399 4840 post
1415 4777 1488 4827 Grut.
1507 4801 1535 4814 -
1559 4785 1604 4825 rs-

272 4845 318 4898 bor
338 4848 408 4912 (ants
424 4847 515 4914 mrsu)
535 4863 589 4902 om.
613 4848 692 4915 Lgse.
712 4877 740 4888 -
765 4851 806 4902 34.
820 4854 999 4918 pwpottooom
1015 4853 1097 4916 Naug.
1116 4851 1150 4902 0:
1167 4851 1324 4902 oooottonsm
1340 4849 1409 4915 tate
1426 4852 1454 4902 et
1468 4850 1508 4912 ll;
1524 4861 1605 4913 oogo·

271 4921 364 4974 donem
378 4922 448 4987 lgna
465 4925 493 4976 et
509 4923 591 4988 tulli,
610 4925 713 4990 atisin
732 4927 870 4979 matonam
884 4929 953 4980 cont.
970 4927 1010 4979 ill.
1032 4927 1101 4992 [tort.
1118 4939 1198 4989 oeque
1214 4927 1237 4978 rt
1253 4927 1446 4978 muscosas.
1464 4922 1558 4989 Hecu]
1572 4948 1602 4960 -

272 4995 314 5047 ³⁸1.
328 4995 477 5050 examero
491 5000 529 5061 0;
548 5011 618 5052 ccmo
634 5015 672 5064 φ;
690 5001 829 5054 000000
842 5002 925 5068 1.ng
944 5004 985 5055 co.
1000 5003 1043 5055 00.
1060 5003 1102 5054 Co.
1120 5003 1158 5065 N?
1175 5017 1201 5054 so
1215 5017 1241 5054 so
1258 5003 1320 5068 (le.
1339 4999 1439 5064 orooro)
1455 4999 1497 5060 ll,
1516 4997 1548 5050 et.
1567 4995 1603 5048 ad

270 5069 466 5202 amma-³8
483 5075 680 5129 domnorum
695 5075 844 5142 beleun:
862 5079 1081 5133 &memnonem
1097 5079 1142 5131 css
1162 5103 1191 5118 -
1210 5078 1295 5132 odiosos
1310 5074 1457 5142 48444444
1475 5073 1602 5130 0444444444
